@BOOK{HockneyEastwood1988,
   author = {{Hockney}, R.~W. and {Eastwood}, J.~W.},
    title = {Computer simulation using particles},
booktitle = {Bristol: Hilger, 1988},
     year = 1988,
   editor = {{Hockney}, R.~W. and {Eastwood}, J.~W.},
   adsurl = {http://adsabs.harvard.edu/abs/1988csup.book.....H},
  adsnote = {Provided by the SAO/NASA Astrophysics Data System}
}

@ARTICLE{BergerColella89,
   author = {{Berger}, M.~J. and {Colella}, P.},
    title = "{Local adaptive mesh refinement for shock hydrodynamics}",
  journal = {Journal of Computational Physics},
 keywords = {CONSERVATION LAWS, GRID GENERATION (MATHEMATICS), HYDRODYNAMICS, SHOCK WAVES, ALGORITHMS, BOUNDARY INTEGRAL METHOD, DISCONTINUITY, ERROR ANALYSIS, EULER EQUATIONS OF MOTION, NUMERICAL ANALYSIS},
     year = 1989,
    month = may,
   volume = 82,
    pages = {64-84},
      doi = {10.1016/0021-9991(89)90035-1},
   adsurl = {http://adsabs.harvard.edu/abs/1989JCoPh..82...64B},
  adsnote = {Provided by the SAO/NASA Astrophysics Data System}
}

@INPROCEEDINGS{NormanBryan1999,
   author = {{Norman}, M.~L. and {Bryan}, G.~L.},
    title = {Cosmological Adaptive Mesh Refinement},
booktitle = {Numerical Astrophysics},
     year = 1999,
   series = {Astrophysics and Space Science Library},
   volume = 240,
   editor = {{Miyama}, S.~M. and {Tomisaka}, K. and {Hanawa}, T.},
    pages = {19},
   adsurl = {http://adsabs.harvard.edu/abs/1999ASSL..240...19N},
  adsnote = {Provided by the SAO/NASA Astrophysics Data System}
}

@Article{HarknessNormanReynoldsSo2013_a,
  author = 	 {R. Harkness and M.L. Norman and D.R. Reynolds and G.C. So},
  title = 	 {Direct Numerical Simulation of Reionization in Large Cosmological Volumes I: Numerical Methods and Tests},
  journal = 	 {(in preparation)},
  year = 	 {2013},
}

@Article{HarknessNormanReynoldsSo2013_b,
  author = 	 {R. Harkness and M.L. Norman and D.R. Reynolds and G.C. So},
  title = 	 {Direct Numerical Simulation of Reionization in Large Cosmological Volumes II: Clumping Factor Evolution and the Photon Budget for Reionization},
  journal = 	 {(in preparation)},
  year = 	 {2013},
}

@Article{HarknessNormanReynoldsSo2013_c,
  author = 	 {R. Harkness and M.L. Norman and D.R. Reynolds and G.C. So},
  title = 	 {Direct Numerical Simulation of Reionization in Large Cosmological Volumes III: Results from the Renaissance Simulation},
  journal = 	 {(in preparation)},
  year = 	 {2013},
}

@Article{Morel2000,
  author = 	 {{Morel}, J.~E.},
  title = 	 {Diffusion-limit asymptotics of the transport equation, the $p_{1/3}$ equations, and two flux-limited diffusion theories},
  journal = 	 {J.~Quant.~Spectrosc.~Radiat.~Transfer},
  year = 	 {2000},
  volume = 	 {65},
  pages = 	 {769--778},
}

@Article{RicottiEtAl2002,
  author = 	 {{Ricotti}, M. and {Gnedin}, N.~Y. and {Shull}, J.~M.},
  title = 	 {The Fate of the First Galaxies: I. Self-consistent Cosmological Simulations with Radiative Transfer},
  journal = 	 {The Astrophysical Journal},
  year = 	 {2002},
  pages =        {33--48},
  volume = 	 {575},
  number = 	 {1},
}

@TechReport{Reynolds2010,
  author = 	 {{Reynolds}, D.~R.},
  title = 	 {{gFLDSplit: A FLD-based radiation and chemistry solver for Enzo}},
  institution =  {Southern Methodist University},
  year = 	 {2010},
  month = 	 {July},
  note = 	 {http://{\em enzo}.googlecode.com},
}

@Misc{EnzoWeb,
  title = 	 {{Enzo -- Astrophysical Adaptive Mesh Refinement, ver.~2.0}},
  howpublished = {http://enzo.googlecode.com},
  month = 	 {July},
  year = 	 {2010},
}

@Article{ReynoldsHayesPaschosNorman2009,
  author = 	 {{Reynolds}, D.~R. and {Hayes}, J.~C. and {Paschos}, P. 
                  and {Norman}, M.~L.},
  title = 	 {Self-Consistent Solution of Cosmological Radiation-Hydrodynamics 
                  and Chemical Ionization},
  journal = 	 {J.~Comput.~Phys.},
  year = 	 {2009},
  volume =       {228},
  pages  =       {6833--6854},
}

@ARTICLE{BarkanaLoeb2007,
   author = {{Barkana}, R. and {Loeb}, A.},
    title = "{The physics and early history of the intergalactic medium}",
  journal = {Reports on Progress in Physics},
   eprint = {arXiv:astro-ph/0611541},
     year = 2007,
    month = apr,
   volume = 70,
    pages = {627-657},
      doi = {10.1088/0034-4885/70/4/R02},
   adsurl = {http://adsabs.harvard.edu/abs/2007RPPh...70..627B},
  adsnote = {Provided by the SAO/NASA Astrophysics Data System}
}

@inbook{NormanEtAl2007,
  author = 	 {{Norman}, M.~L. and {Bryan}, G.~L. and {Harkness}, R. and {Bordner}, J. 
                  and {Reynolds}, D.~R. and {O'Shea}, B. and {Wagner}, R.},
  editor = 	 {{Bader}, D.},
  title = 	 {Petascale Computing: Algorithms and Applications},
  chapter = 	 {Simulating Cosmological Evolution with {\em Enzo}},
  publisher = 	 {CRC Press},
  year = 	 {2007},
 keywords = {Astrophysics},
   adsurl = {http://adsabs.harvard.edu/abs/2007arXiv0705.1556N},
  adsnote = {Provided by the SAO/NASA Astrophysics Data System}
}

@InProceedings{NormanReynoldsSo2009,
  author = 	 {{Norman}, M.~L. and {Reynolds}, D.~R. and {So}, G.~C.},
  title = 	 {Cosmological Radiation Hydrodynamics with {\em Enzo}},
  booktitle = {Recent Directions in Astrophysical Quantitative Spectroscopy and Radiation Hydrodynamics},
  year = 	 {2009},
  publisher = {AIP},
}

@ARTICLE{Springel2005,
   author = {{Springel}, V.},
    title = "{The cosmological simulation code GADGET-2}",
  journal = {MNRAS},
   eprint = {arXiv:astro-ph/0505010},
     year = 2005,
    month = dec,
   volume = 364,
    pages = {1105-1134},
      doi = {10.1111/j.1365-2966.2005.09655.x},
   adsurl = {http://adsabs.harvard.edu/abs/2005MNRAS.364.1105S},
  adsnote = {Provided by the SAO/NASA Astrophysics Data System}
}

@ARTICLE{IlievEtAl2006,
   author = {{Iliev}, I.~T. and {Ciardi}, B. and {Alvarez}, M.~A. and {Maselli}, A. and 
	{Ferrara}, A. and {Gnedin}, N.~Y. and {Mellema}, G. and {Nakamoto}, T. and 
	{Norman}, M.~L. and {Razoumov}, A.~O. and {Rijkhorst}, E.-J. and 
	{Ritzerveld}, J. and {Shapiro}, P.~R. and {Susa}, H. and {Umemura}, M. and 
	{Whalen}, D.~J.},
    title = "{Cosmological radiative transfer codes comparison project - I. The static 
              density field tests}",
  journal = {MNRAS},
   eprint = {arXiv:astro-ph/0603199},
 keywords = {radiative transfer: ISM: bubbles: HII regions: galaxies: formation: intergalactic medium: cosmology: theory},
     year = 2006,
    month = sep,
   volume = 371,
    pages = {1057-1086},
      doi = {10.1111/j.1365-2966.2006.10775.x},
   adsurl = {http://adsabs.harvard.edu/abs/2006MNRAS.371.1057I},
  adsnote = {Provided by the SAO/NASA Astrophysics Data System}
}

@ARTICLE{MellemaEtAl2006,
   author = {{Mellema}, G. and {Iliev}, I.~T. and {Alvarez}, M.~A. and {Shapiro}, P.~R.
	},
    title = "{C$^2$-ray: A new method for photon-conserving transport of ionizing radiation}",
  journal = {New A.},
   eprint = {arXiv:astro-ph/0508416},
     year = 2006,
    month = mar,
   volume = 11,
    pages = {374-395},
      doi = {10.1016/j.newast.2005.09.004},
   adsurl = {http://adsabs.harvard.edu/abs/2006NewA...11..374M},
  adsnote = {Provided by the SAO/NASA Astrophysics Data System}
}

@ARTICLE{SusaUmemura2004,
   author = {{Susa}, H. and {Umemura}, M.},
    title = "{Formation of Dwarf Galaxies during the Cosmic Reionization}",
  journal = {Ap. J.},
   eprint = {arXiv:astro-ph/0309202},
 keywords = {Galaxies: Dwarf, Galaxies: Formation, Hydrodynamics, Molecular Processes, Radiative Transfer},
     year = 2004,
    month = jan,
   volume = 600,
    pages = {1-16},
      doi = {10.1086/379784},
   adsurl = {http://adsabs.harvard.edu/abs/2004ApJ...600....1S},
  adsnote = {Provided by the SAO/NASA Astrophysics Data System}
}

@ARTICLE{WhalenNorman2006,
   author = {{Whalen}, D. and {Norman}, M.~L.},
    title = "{A Multistep Algorithm for the Radiation Hydrodynamical Transport of Cosmological Ionization Fronts and Ionized Flows}",
  journal = {Ap. J. Supp.},
   eprint = {arXiv:astro-ph/0508214},
 keywords = {Cosmology: Theory, Cosmology: Early Universe, ISM: H II Regions, Hydrodynamics, Methods: Numerical},
     year = 2006,
    month = feb,
   volume = 162,
    pages = {281-303},
      doi = {10.1086/499072},
   adsurl = {http://adsabs.harvard.edu/abs/2006ApJS..162..281W},
  adsnote = {Provided by the SAO/NASA Astrophysics Data System}
}

@ARTICLE{RijkhorstEtAl2006,
   author = {{Rijkhorst}, E.-J. and {Plewa}, T. and {Dubey}, A. and {Mellema}, G.},
    title = "{Hybrid characteristics: 3D radiative transfer for parallel adaptive 
              mesh refinement hydrodynamics}",
  journal = {A. \& A.},
   eprint = {arXiv:astro-ph/0505213},
 keywords = {radiative transfer, hydrodynamics, ISM: HII regions, planetary nebulae: general},
     year = 2006,
    month = jun,
   volume = 452,
    pages = {907-920},
      doi = {10.1051/0004-6361:20053401},
   adsurl = {http://adsabs.harvard.edu/abs/2006A%26A...452..907R},
  adsnote = {Provided by the SAO/NASA Astrophysics Data System}
}

@ARTICLE{MaselliEtAl2003,
   author = {{Maselli}, A. and {Ferrara}, A. and {Ciardi}, B.},
    title = "{CRASH: a radiative transfer scheme}",
  journal = {MNRAS},
   eprint = {arXiv:astro-ph/0307117},
     year = 2003,
    month = oct,
   volume = 345,
    pages = {379-394},
      doi = {10.1046/j.1365-8711.2003.06979.x},
   adsurl = {http://adsabs.harvard.edu/abs/2003MNRAS.345..379M},
  adsnote = {Provided by the SAO/NASA Astrophysics Data System}
}

@ARTICLE{SemelinEtAl2007,
   author = {{Semelin}, B. and {Combes}, F. and {Baek}, S.},
    title = "{Lyman-alpha radiative transfer during the epoch of reionization: 
              contribution to 21-cm signal fluctuations}",
  journal = {A. \& A.},
archivePrefix = "arXiv",
   eprint = {0707.2483},
 keywords = {methods: N-body simulations, radiative transfer, method: numerical, galaxies: intergalactic medium, cosmology: large-scale structure of Universe},
     year = 2007,
    month = nov,
   volume = 474,
    pages = {365-374},
      doi = {10.1051/0004-6361:20077965},
   adsurl = {http://adsabs.harvard.edu/abs/2007A%26A...474..365S},
  adsnote = {Provided by the SAO/NASA Astrophysics Data System}
}

@ARTICLE{GnedinAbel2001,
   author = {{Gnedin}, N.~Y. and {Abel}, T.},
    title = "{Multi-dimensional cosmological radiative transfer with a Variable 
              Eddington Tensor formalism}",
  journal = {New A.},
   eprint = {arXiv:astro-ph/0106278},
     year = 2001,
    month = oct,
   volume = 6,
    pages = {437-455},
      doi = {10.1016/S1384-1076(01)00068-9},
   adsurl = {http://adsabs.harvard.edu/abs/2001NewA....6..437G},
  adsnote = {Provided by the SAO/NASA Astrophysics Data System}
}

@ARTICLE{HayesNorman2003,
   author = {{Hayes}, J.~C. and {Norman}, M.~L.},
    title = "{Beyond Flux-limited Diffusion: Parallel Algorithms for Multidimensional 
              Radiation Hydrodynamics}",
  journal = {Ap. J. Supp.},
   eprint = {arXiv:astro-ph/0207260},
 keywords = {Hydrodynamics, Methods: Numerical, Radiative Transfer},
     year = 2003,
    month = jul,
   volume = 147,
    pages = {197-220},
      doi = {10.1086/374658},
   adsurl = {http://adsabs.harvard.edu/abs/2003ApJS..147..197H},
  adsnote = {Provided by the SAO/NASA Astrophysics Data System}
}

@ARTICLE{PaschosEtAl2007,
   author = {{Paschos}, P. and {Norman}, M.~L. and {Bordner}, J.~O. and {Harkness}, R.},
    title = "{Late Reheating of the IGM by Quasars: A Radiation Hydrodynamical 
              Simulation of Helium II Reionization}",
  journal = {ArXiv e-prints},
archivePrefix = "arXiv",
   eprint = {0711.1904},
 keywords = {Astrophysics},
     year = 2007,
    month = nov,
   adsurl = {http://adsabs.harvard.edu/abs/2007arXiv0711.1904P},
  adsnote = {Provided by the SAO/NASA Astrophysics Data System}
}

@Article{Black1981,
  author = 	 {{Black}, J.H.},
  title = 	 {The physical state of primordial intergalactic clouds},
  journal = 	 {Mon. Not. R. Astr. Soc.},
  year = 	 {1981},
  volume = 	 {197},
  pages = 	 {553-563}
}

@book{Osterbrock1989,
  author     = {{Osterbrock}, D.~E.},
  title      = {Astrophysics of Gaseous Nebulae and Active Galactic Nuclei},
  publisher  = {University Science Books},
  address    = {Mill Valley, California},
  year       = {1989}
}

@article{HuiGnedin1997,
   author    = {{Hui}, L. and {Gnedin}, N.~Y.}, 
   title     = {Equation of state of the photoionized intergalactic medium},
   journal   = {MNRAS},
   volume    = {292},
   pages     = {27-42},
   year      = {1997}
}

@article{AbelEtAl1997,
   author    = {{Abel}, T. and {Anninos}, P. and {Zhang}, Y. and {Norman}, M.~L.}, 
   title     = {Modeling primordial gas in numerical cosmology},
   journal   = {New A.},
   volume    = {2},
   pages     = {181-207},
   year      = {1997}
}

@ARTICLE{Anninos97,
   author = {{Anninos}, P. and {Zhang}, Y. and {Abel}, T. and {Norman}, M.~L.
	},
    title = "{Cosmological hydrodynamics with multi-species chemistry and nonequilibrium ionization and cooling}",
  journal = {New Astronomy},
     year = 1997,
    month = aug,
   volume = 2,
    pages = {209-224},
      doi = {10.1016/S1384-1076(97)00009-2},
   adsurl = {http://adsabs.harvard.edu/cgi-bin/nph-bib_query?bibcode=1997NewA....2..209A&db_key=AST},
  adsnote = {Provided by the Smithsonian/NASA Astrophysics Data System}
}

@article{RazoumovEtAl2002,
   author    = {{Razoumov}, A.~O. and {Norman}, M.~L. and {Abel}, T. and {Scott}, D.}, 
   title     = {Cosmological hydrogen reionization with three-dimensional 
       radiative transfer},
   journal   = {Ap. J.},
   volume    = {572},
   pages     = {695-704},
   year      = {2002}
}

@article{Hummer1988,
   author    = {{Hummer}, D.~G.},
   title     = {A fast and accurate method for evaluating the 
       nonrelativistic free-free Gaunt factor for hydrogenic ions},
   journal   = {Ap. J.},
   volume    = {327},
   pages     = {477-484},
   year      = {1988}
}

@article{StoreyHummer1991,
   author    = {{Storey}, P.~J. and {Hummer}, D.~G.}, 
   title     = {Fast computer evaluation of radiative properties of 
       hydrogenic systems},
   journal   = {Comp. Phys. Comm.},
   volume    = {66},
   pages     = {129-141},
   year      = {1991}
}

@article{BryanEtAl1995,
   author    = {{Bryan}, G.~L. and {Norman}, M.~L. and {Stone}, J.~M. and {Cen}, R.  
       and {Ostriker}, J.~P.}, 
   title     = {A piecewise parabolic method for cosmological hydrodynamics},
   journal   = {Comp. Phys. Comm.},
   volume    = {89},
   pages     = {149-168},
   year      = {1995}
}

@Article{Cen1992,
  author = 	 {{Cen}, R.},
  title = 	 {A Hydrodynamic Approach to Cosmology: Methodology},
  journal = 	 {Ap. J. Supp.},
  year = 	 {1992},
  volume = 	 {78},
  pages = 	 {341}
}

@article{HayesEtAl2006,
   author    = {{Hayes}, J.~C. and {Norman}, M.~L. and {Fiedler}, R.~A. and {Bordner}, J.~O.
                and {Li}, P.~S. and {Clark}, S.~E. and {ud-Doula}, A. and {Low}, M.-M.~M.}, 
   title     = {Simulating Radiating and Magnetized Flows in Multiple 
                Dimensions with {ZEUS-MP}},
   journal   = {Ap. J. Supp.},
   volume    = {165},
   pages     = {188-228},
   year      = {2006}
}

@book{Kelley1995,
  author     = {{Kelley}, C.~T.},
  title      = {Iterative Methods for Linear and Nonlinear Equations},
  publisher  = {SIAM},
  year       = {1995},
  volume     = {16},
  series     = {Frontiers in Applied Mathematics},
}

@article{KnollKeyes2004,
   author    = {{Knoll}, D.~A. and {Keyes}, D.~E.},
   title     = {Jacobian-free {Newton}--{Krylov} methods: a survey of 
                approaches and applications},
   journal   = {J. Comp. Phys.},
   volume    = {193},
   pages     = {357-397},
   year      = {2004}
}

@article{LevermorePomraning1981,
   author    = {{Levermore}, C.~D. and {Pomraning}, G.~C.}, 
   title     = {A Flux-Limited Diffusion Theory},
   journal   = {Ap. J.},
   volume    = {248},
   pages     = {321-334},
   year      = {1981}
}

@article{Levermore1984,
   author    = {{Levermore}, C.~D.}, 
   title     = {Relating Eddington Factors to Flux Limiters},
   journal   = {J. Quant. Spectrosc. Radiat. Transfer},
   volume    = {31},
   number    = {2},
   pages     = {149-160},
   year      = {1984}
}

@PhdThesis{Paschos2005,
  author     = {{Paschos}, P.},
  title      = {On the Ionization and Chemical Evolution of the 
                Intergalactic Medium},
  school     = {University of Illinois at Urbana-Champaign},
  year       = {2005},
}


@article{GroppEtAl2000,
   author    = {{Gropp}, W.~D. and {Keyes}, D.~E. and {McInnes}, L.~C. and
       {Tidriri}, M.~D.},
   title     = {Globalized {Newton}--{Krylov}--{Schwarz} Algorithms and
       Software for Parallel Implicit {CFD}},
   journal   = {Int. J. High Perf. Comp. App.},
   year      = {2000},
   volume    = {14},
   pages     = {102-136}
}


@article{VanAlbadaEtAl1982,
   author    = {{van Albada}, G.~D. and {van Leer}, B. and {Roberts}, W.~W.},
   title     = {A Comparative Study of Computational Methods in 
                Cosmic Gas Dynamics},
   journal   = {A. \& A.},
   year      = {1982},
   volume    = {108},
   pages     = {76-84}
}


@article{Venkatakrishnan1995,
   author    = {{Venkatakrishnan}, V.},
   title     = {Convergence to Steady State Solutions of the Euler Equations 
       on Unstructured Grids with Limiters},
   journal   = {J. Comp. Phys.},
   year      = {1995},
   volume    = {118},
   pages     = {120-130}
}


@article{WeiserEtAl2005,
   author    = {{Weiser}, M. and {Schiela}, A. and {Deuflhard}, P.},
   title     = {Asymptotic mesh independence of {Newton's} method revisited},
   journal   = {SIAM J. Numer. Anal.},
   volume    = {42},
   pages     = {1830-1845},
   year      = {2005}
}


@article{ColellaWoodward1984,
  author = 	 {{Colella}, P. and {Woodward}, P.~R.},
  title = 	 {The {Piecewise} {Parabolic} {Method} ({PPM}) for Gas-Dynamical 
                  Simulations},
  journal = 	 {J. Comp. Phys.},
  year = 	 {1984},
  volume = 	 {54},
  pages = 	 {174-201}
}


@inbook{OSheaEtAl2004,
  author = 	 {{O'Shea}, B.~W. and {Bryan}, G. and {Bordner}, J.~O. and {Norman}, M.~L.
                  and {Abel}, T.  and {Harkness}, R. and {Kritsuk}, A.},
  editor = 	 {{Plewa}, T. and {Linde}, T. and {Weirs}, V.~G.},
  title = 	 {Adaptive Mesh Refinement -- Theory and Applications},
  chapter = 	 {Introducing {\em Enzo}, an {AMR} Cosmology Application},
  publisher = 	 {Springer},
  year = 	 {2004},
  series = 	 {Lecture Notes in Computational Science and Engineering}
}


@inbook{FalgoutYang2002,
  author = 	 {{Falgout}, R.~D. and {Yang}, U.~M.},
  title = 	 {Computational Science -- ICCS 2002 Part III},
  chapter = 	 {hypre: a Library of High Performance Preconditioners},
  publisher = 	 {Springer-Verlag},
  year = 	 {2002},
  volume = 	 {2331},
  series = 	 {Lecture Notes in Computer Science},
  pages = 	 {632-641}
}


@misc{hypre-site,
  title = 	 {HYPRE Code Project Page},
  howpublished = {http://www.llnl.gov/CASC/hypre/software.html},
  year = 	 {2011}
}


@article{BakerFalgoutYang2006,
  author = 	 {{Baker}, A.~H. and {Falgout}, R.~D. and {Yang}, U.~M.},
  title = 	 {An assumed partition algorithm for determining processor 
                  inter-communication},
  journal = 	 {Parallel Computing},
  year = 	 {2006},
  volume = 	 {32},
  pages = 	 {319-414}
}

@BOOK{Castor2004,
   author = {{Castor}, J.~I.},
    title = "{Radiation Hydrodynamics}",
publisher = {Radiation Hydrodynamics, by John I.~Castor,~ISBN 0521833094.~Cambridge, UK: Cambridge University Press, November 2004.},
     year = 2004,
    month = nov,
   adsurl = {http://adsabs.harvard.edu/abs/2004rahy.book.....C},
  adsnote = {Provided by the Smithsonian/NASA Astrophysics Data System}
}

@ARTICLE{TurnerStone2001,
   author = {{Turner}, N.~J. and {Stone}, J.~M.},
    title = "{A Module for Radiation Hydrodynamic Calculations with ZEUS-2D Using Flux-limited Diffusion}",
  journal = {Ap. J. Supp.},
     year = 2001,
    month = jul,
   volume = 135,
    pages = {95-107},
      doi = {10.1086/321779},
   adsurl = {http://adsabs.harvard.edu/abs/2001ApJS..135...95T},
  adsnote = {Provided by the SAO/NASA Astrophysics Data System}
}

@ARTICLE{SuOlson1996,
   author = {{Su}, B. and {Olson}, G.~L.},
    title = "{Benchmark results for the non-equilibrium Marshak diffusion problem.}",
  journal = {JQSRT},
     year = 1996,
    month = sep,
   volume = 56,
    pages = {337-351},
   adsurl = {http://adsabs.harvard.edu/abs/1996JQSRT..56..337S},
  adsnote = {Provided by the SAO/NASA Astrophysics Data System}
}

@inproceedings{LowrieEdwards2007,
   Author = {{Lowrie}, R.~B. and {Edwards}, J.~D.},
Booktitle = {Proceedings of the ANS Joint International Topical  
             Meeting on Math and Computations + Supercomputing in Nuclear   
             Applications, Monterey, {CA}},
Organization = {American Nuclear Society},
    Title = {Shock Wave Solutions for Radiation Hydrodynamics},
     Year = {2007}
}

@ARTICLE{Pomraning1979,
   author = {{Pomraning}, G.~C.},
    title = {{The non-equilibrium Marshak wave problem}},
  journal = {JQSRT},
     year = 1979,
   volume = 21,
    pages = {249-261}
}

@Article{LowrieEdwards2008,
   Author = {{Lowrie}, R.~B. and {Edwards}, J.~D.},
  Journal = {Shock Waves},
   Number = {2},
    Pages = {129--143},
    Title = {Radiative Shock Solutions with Grey Nonequilibrium Diffusion},
   Volume = {18},
     Year = {2008}}

@Article{HowellGreenough2003,
   author = {{Howell}, L.~H. and {Greenough}, J.~A.},
    title = {Radiation diffusion for multi-fluid {Eulerian} hydrodynamics 
             with adaptive mesh refinement},
  journal = {J. Comp. Phys.},
     year = {2003},
   volume = {184},
    pages = {53-78}
}

@Article{SimoArmero1994,
  author = {{Simo}, J.~C. and {Armero}, F.},
   title = {Unconditional stability and long-term behavior of 
            transient algorithms for the incompressible {Navier-Stokes} 
            and {Euler} equations},
 journal = {CMAME},
    year = {1994},
  volume = {111},
   pages = {111-154}
}

@Article{Osterby2003,
  author = {{\O}sterby, O.},
   title = {Five ways of reducing the {Crank-Nicolson} oscillations},
 journal = {BIT Num. Math.},
    year = {2003},
  volume = {43},
   pages = {811-822}
}

@Article{EisenstatWalker1996,
  author = {{Eisenstat}, S.~C. and {Walker}, H.~F.},
   title = {Choosing the forcing terms in an inexact {Newton} method},
 journal = {SIAM J. Sci. Comp.},
    year = {1996},
  volume = {17},
   pages = {16-32}
}

@Book{DennisSchnabel1996,
  author = {{Dennis}, J.~E. and {Schnabel}, R.~B.},
   title = {Numerical Methods for Unconstrained Optimization and 
            Nonlinear Equations},
publisher = {SIAM},
    year = {1996},
 address = {Philadelphia}
}

@Book{OrtegaRheinboldt2000,
  author = {{Ortega}, J.~M. and {Rheinboldt}, W.~C.},
   title = {Iterative Solution of Nonlinear Equations in Several Variables},
publisher = {SIAM},
    year = {2000}
}

@Article{BrownWoodward2001,
  author = {{Brown}, P.~N. and {Woodward}, C.~S.},
   title = {Preconditioning strategies for fully implicit radiation 
            diffusion with material-energy transfer},
 journal = {SIAM J. Sci. Comp.},
    year = {2001},
  volume = {23},
   pages = {499-516}
}

@Article{ShapiroGiroux1987,
  author = 	 {{Shapiro}, P.~R. and {Giroux}, M.~L.},
  title = 	 {Cosmological {HII} Regions and the Photoionization 
                  of the Intergalactic Medium},
  journal = 	 {Ap. J.},
  year = 	 {1987},
  volume = 	 {321},
  pages = 	 {L107-L112}
}

@Article{CenOstriker1992,
  author = 	 {{Cen}, R. and {Ostriker}, J.},
  title = 	 {A hydrodynamic treatment of the cold dark matter 
                  cosmological scenario},
  journal = 	 {Ap. J.},
  year = 	 {1992},
  volume = 	 {393},
  pages = 	 {22-41}
}

@Article{SmithHallmanShullOShea2011,
  author = 	 {{Smith}, B.~D. and {Hallman}, E.~J. and {Shull}, M.~J. and {O'Shea}, B.~W.},
  title = 	 {THE NATURE OF THE WARM/HOT INTERGALACTIC MEDIUM. I. NUMERICAL METHODS, CONVERGENCE, AND O vi ABSORPTION},
  journal = 	 {Ap. J.},
  year = 	 {2011},
  volume = 	 {731},
  pages = 	 {6S}
}

@ARTICLE{FanCarilliKeating2006,
   author = {{Fan}, X. and {Carilli}, C.~L. and {Keating}, B.},
    title = "{Observational Constraints on Cosmic Reionization}",
  journal = {\araa},
   eprint = {arXiv:astro-ph/0602375},
     year = 2006,
    month = sep,
   volume = 44,
    pages = {415-462},
      doi = {10.1146/annurev.astro.44.051905.092514},
   adsurl = {http://adsabs.harvard.edu/abs/2006ARA%26A..44..415F},
  adsnote = {Provided by the SAO/NASA Astrophysics Data System}
}

@ARTICLE{TracGnedin2011,
   author = {{Trac}, H.~Y. and {Gnedin}, N.~Y.},
    title = "{Computer Simulations of Cosmic Reionization}",
  journal = {Advanced Science Letters},
archivePrefix = "arXiv",
   eprint = {0906.4348},
 primaryClass = "astro-ph.CO",
     year = 2011,
    month = feb,
   volume = 4,
    pages = {228-243},
      doi = {10.1166/asl.2011.1214},
   adsurl = {http://adsabs.harvard.edu/abs/2011ASL.....4..228T},
  adsnote = {Provided by the SAO/NASA Astrophysics Data System}
}

@ARTICLE{WMAP7,
   author = {{Komatsu}, E. and {Smith}, K.~M. and {Dunkley}, J. and {Bennett}, C.~L. and 
	{Gold}, B. and {Hinshaw}, G. and {Jarosik}, N. and {Larson}, D. and 
	{Nolta}, M.~R. and {Page}, L. and {Spergel}, D.~N. and {Halpern}, M. and 
	{Hill}, R.~S. and {Kogut}, A. and {Limon}, M. and {Meyer}, S.~S. and 
	{Odegard}, N. and {Tucker}, G.~S. and {Weiland}, J.~L. and {Wollack}, E. and 
	{Wright}, E.~L.},
    title = "{Seven-year Wilkinson Microwave Anisotropy Probe (WMAP) Observations: Cosmological Interpretation}",
  journal = {\apjs},
archivePrefix = "arXiv",
   eprint = {1001.4538},
 primaryClass = "astro-ph.CO",
 keywords = {cosmic background radiation, cosmology: observations, dark matter, early universe, space vehicles},
     year = 2011,
    month = feb,
   volume = 192,
      eid = {18},
    pages = {18},
      doi = {10.1088/0067-0049/192/2/18},
   adsurl = {http://adsabs.harvard.edu/abs/2011ApJS..192...18K},
  adsnote = {Provided by the SAO/NASA Astrophysics Data System}
}

@ARTICLE{Planck2013,
   author = {{Planck Collaboration} and {Ade}, P.~A.~R. and {Aghanim}, N. and 
	{Armitage-Caplan}, C. and {Arnaud}, M. and {Ashdown}, M. and 
	{Atrio-Barandela}, F. and {Aumont}, J. and {Baccigalupi}, C. and 
	{Banday}, A.~J. and et al.},
    title = "{Planck 2013 results. XVI. Cosmological parameters}",
  journal = {ArXiv e-prints},
archivePrefix = "arXiv",
   eprint = {1303.5076},
 primaryClass = "astro-ph.CO",
 keywords = {Astrophysics - Cosmology and Extragalactic Astrophysics},
     year = 2013,
    month = mar,
   adsurl = {http://adsabs.harvard.edu/abs/2013arXiv1303.5076P},
  adsnote = {Provided by the SAO/NASA Astrophysics Data System}
}

@ARTICLE{Wise12,
   author = {{Wise}, J.~H. and {Turk}, M.~J. and {Norman}, M.~L. and {Abel}, T.
	},
    title = "{The Birth of a Galaxy: Primordial Metal Enrichment and Stellar Populations}",
  journal = {\apj},
archivePrefix = "arXiv",
   eprint = {1011.2632},
 primaryClass = "astro-ph.CO",
 keywords = {dark ages, reionization, first stars, galaxies: dwarf, galaxies: high-redshift, galaxies: star formation, radiative transfer},
     year = 2012,
    month = jan,
   volume = 745,
      eid = {50},
    pages = {50},
      doi = {10.1088/0004-637X/745/1/50},
   adsurl = {http://adsabs.harvard.edu/abs/2012ApJ...745...50W},
  adsnote = {Provided by the SAO/NASA Astrophysics Data System}
}

@ARTICLE{Robertson10,
   author = {{Robertson}, B.~E. and {Ellis}, R.~S. and {Dunlop}, J.~S. and 
	{McLure}, R.~J. and {Stark}, D.~P.},
    title = "{Early star-forming galaxies and the reionization of the Universe}",
  journal = {\nat},
archivePrefix = "arXiv",
   eprint = {1011.0727},
 primaryClass = "astro-ph.CO",
     year = 2010,
    month = nov,
   volume = 468,
    pages = {49-55},
      doi = {10.1038/nature09527},
   adsurl = {http://adsabs.harvard.edu/abs/2010Natur.468...49R},
  adsnote = {Provided by the SAO/NASA Astrophysics Data System}
}

@ARTICLE{Millenium,
   author = {{Springel}, V. and {White}, S.~D.~M. and {Jenkins}, A. and {Frenk}, C.~S. and 
	{Yoshida}, N. and {Gao}, L. and {Navarro}, J. and {Thacker}, R. and 
	{Croton}, D. and {Helly}, J. and {Peacock}, J.~A. and {Cole}, S. and 
	{Thomas}, P. and {Couchman}, H. and {Evrard}, A. and {Colberg}, J. and 
	{Pearce}, F.},
    title = "{Simulations of the formation, evolution and clustering of galaxies and quasars}",
  journal = {\nat},
   eprint = {arXiv:astro-ph/0504097},
     year = 2005,
    month = jun,
   volume = 435,
    pages = {629-636},
      doi = {10.1038/nature03597},
   adsurl = {http://adsabs.harvard.edu/abs/2005Natur.435..629S},
  adsnote = {Provided by the SAO/NASA Astrophysics Data System}
}

@ARTICLE{Bolshoi,
   author = {{Klypin}, A.~A. and {Trujillo-Gomez}, S. and {Primack}, J.},
    title = "{Dark Matter Halos in the Standard Cosmological Model: Results from the Bolshoi Simulation}",
  journal = {\apj},
archivePrefix = "arXiv",
   eprint = {1002.3660},
 primaryClass = "astro-ph.CO",
 keywords = {cosmology: theory, large-scale structure of universe, methods: numerical},
     year = 2011,
    month = oct,
   volume = 740,
      eid = {102},
    pages = {102},
      doi = {10.1088/0004-637X/740/2/102},
   adsurl = {http://adsabs.harvard.edu/abs/2011ApJ...740..102K},
  adsnote = {Provided by the SAO/NASA Astrophysics Data System}
}

@ARTICLE{Furlanetto04,
   author = {{Furlanetto}, S.~R. and {Zaldarriaga}, M. and {Hernquist}, L.
	},
    title = "{The Growth of H II Regions During Reionization}",
  journal = {\apj},
   eprint = {arXiv:astro-ph/0403697},
 keywords = {Cosmology: Theory, Cosmology: Diffuse Radiation, ISM: H II Regions, Galaxies: Intergalactic Medium},
     year = 2004,
    month = sep,
   volume = 613,
    pages = {1-15},
      doi = {10.1086/423025},
   adsurl = {http://adsabs.harvard.edu/abs/2004ApJ...613....1F},
  adsnote = {Provided by the SAO/NASA Astrophysics Data System}
}

@ARTICLE{Furlanetto06,
   author = {{Furlanetto}, S.~R. and {McQuinn}, M. and {Hernquist}, L.},
    title = "{Characteristic scales during reionization}",
  journal = {\mnras},
   eprint = {arXiv:astro-ph/0507524},
 keywords = {galaxies: evolution, intergalactic medium, cosmology: theory},
     year = 2006,
    month = jan,
   volume = 365,
    pages = {115-126},
      doi = {10.1111/j.1365-2966.2005.09687.x},
   adsurl = {http://adsabs.harvard.edu/abs/2006MNRAS.365..115F},
  adsnote = {Provided by the SAO/NASA Astrophysics Data System}
}

@ARTICLE{Gnedin00a,
   author = {{Gnedin}, N.~Y.},
    title = "{Cosmological Reionization by Stellar Sources}",
  journal = {\apj},
   eprint = {arXiv:astro-ph/9909383},
 keywords = {Cosmology: Theory, Galaxies: Formation, Galaxies: Intergalactic Medium, Cosmology: Large-Scale Structure of Universe},
     year = 2000,
    month = jun,
   volume = 535,
    pages = {530-554},
      doi = {10.1086/308876},
   adsurl = {http://adsabs.harvard.edu/abs/2000ApJ...535..530G},
  adsnote = {Provided by the SAO/NASA Astrophysics Data System}
}

@ARTICLE{Gnedin00b,
   author = {{Gnedin}, N.~Y.},
    title = "{Effect of Reionization on Structure Formation in the Universe}",
  journal = {\apj},
   eprint = {arXiv:astro-ph/0002151},
 keywords = {Cosmology: Theory, Galaxies: Formation, Galaxies: Intergalactic Medium, Cosmology: Large-Scale Structure of Universe},
     year = 2000,
    month = oct,
   volume = 542,
    pages = {535-541},
      doi = {10.1086/317042},
   adsurl = {http://adsabs.harvard.edu/abs/2000ApJ...542..535G},
  adsnote = {Provided by the SAO/NASA Astrophysics Data System}
}

@ARTICLE{Petkova09,
   author = {{Petkova}, M. and {Springel}, V.},
    title = "{An implementation of radiative transfer in the cosmological simulation code GADGET}",
  journal = {\mnras},
archivePrefix = "arXiv",
   eprint = {0812.1801},
 keywords = {radiative transfer , methods: numerical},
     year = 2009,
    month = jul,
   volume = 396,
    pages = {1383-1403},
      doi = {10.1111/j.1365-2966.2009.14843.x},
   adsurl = {http://adsabs.harvard.edu/abs/2009MNRAS.396.1383P},
  adsnote = {Provided by the SAO/NASA Astrophysics Data System}
}

@ARTICLE{Petkova11,
   author = {{Petkova}, M. and {Springel}, V.},
    title = "{Simulations of galaxy formation with radiative transfer: hydrogen reionization and radiative feedback}",
  journal = {\mnras},
archivePrefix = "arXiv",
   eprint = {1008.4459},
 primaryClass = "astro-ph.CO",
 keywords = {galaxies: formation, intergalactic medium},
     year = 2011,
    month = apr,
   volume = 412,
    pages = {935-946},
      doi = {10.1111/j.1365-2966.2010.17955.x},
   adsurl = {http://adsabs.harvard.edu/abs/2011MNRAS.412..935P},
  adsnote = {Provided by the SAO/NASA Astrophysics Data System}
}

@ARTICLE{Finlator11,
   author = {{Finlator}, K. and {Oh}, S.~P. and {{\"O}zel}, F. and {Dav{\'e}}, R.
	},
    title = "{Gas Clumping in Self-Consistent Reionisation Models}",
  journal = {ArXiv e-prints},
archivePrefix = "arXiv",
   eprint = {1209.2489},
 primaryClass = "astro-ph.CO",
 keywords = {Astrophysics - Cosmology and Extragalactic Astrophysics},
     year = 2012,
    month = sep,
   adsurl = {http://adsabs.harvard.edu/abs/2012arXiv1209.2489F},
  adsnote = {Provided by the SAO/NASA Astrophysics Data System}
}

@ARTICLE{Ciardi01,
   author = {{Ciardi}, B. and {Ferrara}, A. and {Marri}, S. and {Raimondo}, G.
	},
    title = "{Cosmological reionization around the first stars: Monte Carlo radiative transfer}",
  journal = {\mnras},
   eprint = {arXiv:astro-ph/0005181},
 keywords = {RADIATIVE TRANSFER, GALAXIES: FORMATION, INTERGALACTIC MEDIUM, COSMOLOGY: THEORY},
     year = 2001,
    month = jun,
   volume = 324,
    pages = {381-388},
      doi = {10.1046/j.1365-8711.2001.04316.x},
   adsurl = {http://adsabs.harvard.edu/abs/2001MNRAS.324..381C},
  adsnote = {Provided by the SAO/NASA Astrophysics Data System}
}

@ARTICLE{Sokasian02,
   author = {{Sokasian}, A. and {Abel}, T. and {Hernquist}, L.~E.},
    title = "{Simulating reionization in numerical cosmology}",
  journal = {\na},
   eprint = {arXiv:astro-ph/0105181},
     year = 2001,
    month = sep,
   volume = 6,
    pages = {359-379},
      doi = {10.1016/S1384-1076(01)00065-3},
   adsurl = {http://adsabs.harvard.edu/abs/2001NewA....6..359S},
  adsnote = {Provided by the SAO/NASA Astrophysics Data System}
}

@ARTICLE{Sokasian03,
   author = {{Sokasian}, A. and {Abel}, T. and {Hernquist}, L. and {Springel}, V.
	},
    title = "{Cosmic reionization by stellar sources: Population II stars}",
  journal = {\mnras},
   eprint = {arXiv:astro-ph/0303098},
 keywords = {radiative transfer, intergalactic medium, quasars: general, diffuse radiation.},
     year = 2003,
    month = sep,
   volume = 344,
    pages = {607-624},
      doi = {10.1046/j.1365-8711.2003.06847.x},
   adsurl = {http://adsabs.harvard.edu/abs/2003MNRAS.344..607S},
  adsnote = {Provided by the SAO/NASA Astrophysics Data System}
}

@ARTICLE{Iliev06,
   author = {{Iliev}, I.~T. and {Mellema}, G. and {Pen}, U.-L. and {Merz}, H. and 
	{Shapiro}, P.~R. and {Alvarez}, M.~A.},
    title = "{Simulating cosmic reionization at large scales - I. The geometry of reionization}",
  journal = {\mnras},
   eprint = {arXiv:astro-ph/0512187},
 keywords = {radiative transfer: methods: numerical: ISM: bubbles: HII regions: galaxies: formation: galaxies: haloes: galaxies: high-redshift: intergalactic medium: cosmology: theory, radiative transfer, methods: numerical, ISM: bubbles, HII regions, galaxies: formation, galaxies: haloes, galaxies: high-redshift, intergalactic medium, cosmology: theory},
     year = 2006,
    month = jul,
   volume = 369,
    pages = {1625-1638},
      doi = {10.1111/j.1365-2966.2006.10502.x},
   adsurl = {http://adsabs.harvard.edu/abs/2006MNRAS.369.1625I},
  adsnote = {Provided by the SAO/NASA Astrophysics Data System}
}

@ARTICLE{IlievEtAl2009,
   author = {{Iliev}, I.~T. and {Whalen}, D. and {Mellema}, G. and {Ahn}, K. and {Baek}, S. and {Gnedin}, N.~Y. and {Kravtsov}, A.~V. and {Norman}, M. and {Raicevic}, M. and {Reynolds}, D.~R. and {Sato}, D. and {Shapiro}, P.~R. and {Semelin}, B. and {Smidt}, J. and {Susa}, H. and {Theuns}, T. and {Umemura}, M.},
    title = {Cosmological radiative transfer comparison project -- II. The radiation-hydrodynamic tests},
  journal = {\mnras},
   volume = {400},
   number = {3},
    pages = {1283--1316},
     year = {2009},
}

@ARTICLE{Zahn07,
   author = {{Zahn}, O. and {Lidz}, A. and {McQuinn}, M. and {Dutta}, S. and 
	{Hernquist}, L. and {Zaldarriaga}, M. and {Furlanetto}, S.~R.
	},
    title = "{Simulations and Analytic Calculations of Bubble Growth during Hydrogen Reionization}",
  journal = {\apj},
   eprint = {arXiv:astro-ph/0604177},
 keywords = {Cosmology: Theory, Galaxies: Intergalactic Medium, Cosmology: Large-Scale Structure of Universe},
     year = 2007,
    month = jan,
   volume = 654,
    pages = {12-26},
      doi = {10.1086/509597},
   adsurl = {http://adsabs.harvard.edu/abs/2007ApJ...654...12Z},
  adsnote = {Provided by the SAO/NASA Astrophysics Data System}
}

@ARTICLE{Zahn11,
   author = {{Zahn}, O. and {Mesinger}, A. and {McQuinn}, M. and {Trac}, H. and 
	{Cen}, R. and {Hernquist}, L.~E.},
    title = "{Comparison of reionization models: radiative transfer simulations and approximate, seminumeric models}",
  journal = {\mnras},
archivePrefix = "arXiv",
   eprint = {1003.3455},
 primaryClass = "astro-ph.CO",
 keywords = {intergalactic medium, cosmology: theory, dark ages, reionization, first stars, diffuse radiation, large-scale structure of Universe},
     year = 2011,
    month = jun,
   volume = 414,
    pages = {727-738},
      doi = {10.1111/j.1365-2966.2011.18439.x},
   adsurl = {http://adsabs.harvard.edu/abs/2011MNRAS.414..727Z},
  adsnote = {Provided by the SAO/NASA Astrophysics Data System}
}


@ARTICLE{Finlator09,
   author = {{Finlator}, K. and {{\"O}zel}, F. and {Dav{\'e}}, R.},
    title = "{A new moment method for continuum radiative transfer in cosmological re-ionization}",
  journal = {\mnras},
archivePrefix = "arXiv",
   eprint = {0808.3578},
 keywords = {radiative transfer , methods: numerical , galaxies: formation , intergalactic medium , cosmology: theory , diffuse radiation},
     year = 2009,
    month = mar,
   volume = 393,
    pages = {1090-1106},
      doi = {10.1111/j.1365-2966.2008.14190.x},
   adsurl = {http://adsabs.harvard.edu/abs/2009MNRAS.393.1090F},
  adsnote = {Provided by the SAO/NASA Astrophysics Data System}
}

@ARTICLE{TracCen2007,
   author = {{Trac}, H. and {Cen}, R.},
    title = "{Radiative Transfer Simulations of Cosmic Reionization. I. Methodology and Initial Results}",
  journal = {\apj},
   eprint = {arXiv:astro-ph/0612406},
 keywords = {Cosmology: Theory, Galaxies: Formation, Galaxies: Intergalactic Medium, Cosmology: Large-Scale Structure of Universe, Methods: Numerical, Radiative Transfer, Stars: Formation},
     year = 2007,
    month = dec,
   volume = 671,
    pages = {1-13},
      doi = {10.1086/522566},
   adsurl = {http://adsabs.harvard.edu/abs/2007ApJ...671....1T},
  adsnote = {Provided by the SAO/NASA Astrophysics Data System}
}

@ARTICLE{ShinTracCen2008,
   author = {{Shin}, M.-S. and {Trac}, H. and {Cen}, R.},
    title = "{Cosmological H II Bubble Growth during Reionization}",
  journal = {\apj},
archivePrefix = "arXiv",
   eprint = {0708.2425},
 keywords = {Cosmology: Theory, Cosmology: Early Universe, Galaxies: Intergalactic Medium, Cosmology: Large-Scale Structure of Universe, Methods: Numerical, Radiative Transfer},
     year = 2008,
    month = jul,
   volume = 681,
    pages = {756-770},
      doi = {10.1086/588247},
   adsurl = {http://adsabs.harvard.edu/abs/2008ApJ...681..756S},
  adsnote = {Provided by the SAO/NASA Astrophysics Data System}
}

@ARTICLE{TracCenLoeb2008,
   author = {{Trac}, H. and {Cen}, R. and {Loeb}, A.},
    title = "{Imprint of Inhomogeneous Hydrogen Reionization on the Temperature Distribution of the Intergalactic Medium}",
  journal = {ApJL},
archivePrefix = "arXiv",
   eprint = {0807.4530},
 keywords = {Cosmology: Theory, Hydrodynamics, Galaxies: Intergalactic Medium, Cosmology: Large-Scale Structure of Universe, Methods: Numerical, Radiative Transfer},
     year = 2008,
    month = dec,
   volume = 689,
    pages = {L81-L84},
      doi = {10.1086/595678},
   adsurl = {http://adsabs.harvard.edu/abs/2008ApJ...689L..81T},
  adsnote = {Provided by the SAO/NASA Astrophysics Data System}
}

@ARTICLE{Shapiro04,
   author = {{Shapiro}, P.~R. and {Iliev}, I.~T. and {Raga}, A.~C.},
    title = "{Photoevaporation of cosmological minihaloes during reionization}",
  journal = {\mnras},
   eprint = {arXiv:astro-ph/0307266},
 keywords = {hydrodynamics, radiative transfer, galaxies: haloes, galaxies: high-redshift, intergalactic medium, cosmology: theory},
     year = 2004,
    month = mar,
   volume = 348,
    pages = {753-782},
      doi = {10.1111/j.1365-2966.2004.07364.x},
   adsurl = {http://adsabs.harvard.edu/abs/2004MNRAS.348..753S},
  adsnote = {Provided by the SAO/NASA Astrophysics Data System}
}

@ARTICLE{WiseAbel11,
   author = {{Wise}, J.~H. and {Abel}, T.},
    title = "{Enzo+Moray: radiation hydrodynamics adaptive mesh refinement simulations with adaptive ray tracing}",
  journal = {\mnras},
archivePrefix = "arXiv",
   eprint = {1012.2865},
 primaryClass = "astro-ph.IM",
 keywords = {hydrodynamics, radiative transfer, methods: numerical},
     year = 2011,
    month = jul,
   volume = 414,
    pages = {3458-3491},
      doi = {10.1111/j.1365-2966.2011.18646.x},
   adsurl = {http://adsabs.harvard.edu/abs/2011MNRAS.414.3458W},
  adsnote = {Provided by the SAO/NASA Astrophysics Data System}
}


@ARTICLE{HaardtMadau2012,
   author = {{Haardt}, F. and {Madau}, P.},
    title = "{Radiative Transfer in a Clumpy Universe. IV. New Synthesis Models of the Cosmic UV/X-Ray Background}",
  journal = {\apj},
archivePrefix = "arXiv",
   eprint = {1105.2039},
 primaryClass = "astro-ph.CO",
 keywords = {cosmology: theory, diffuse radiation, intergalactic medium, galaxies: evolution, quasars: general},
     year = 2012,
    month = feb,
   volume = 746,
      eid = {125},
    pages = {125},
      doi = {10.1088/0004-637X/746/2/125},
   adsurl = {http://adsabs.harvard.edu/abs/2012ApJ...746..125H},
  adsnote = {Provided by the SAO/NASA Astrophysics Data System}
}


@ARTICLE{StoneMihalasNorman92,
   author = {{Stone}, J.~M. and {Mihalas}, D. and {Norman}, M.~L.},
    title = "{ZEUS-2D: A radiation magnetohydrodynamics code for astrophysical flows in two space dimensions. III - The radiation hydrodynamic algorithms and tests}",
  journal = {\apjs},
 keywords = {COMPUTATIONAL ASTROPHYSICS, COSMIC PLASMA, HYDRODYNAMIC EQUATIONS, MAGNETOHYDRODYNAMIC FLOW, RADIATIVE TRANSFER, TWO DIMENSIONAL MODELS, ALGORITHMS, COMPUTATIONAL GRIDS, FINITE DIFFERENCE THEORY, PLASMA RADIATION},
     year = 1992,
    month = jun,
   volume = 80,
    pages = {819-845},
      doi = {10.1086/191682},
   adsurl = {http://adsabs.harvard.edu/abs/1992ApJS...80..819S},
  adsnote = {Provided by the SAO/NASA Astrophysics Data System}
}

@Article{NormanAbelPaschos98,
  author = 	 {{Norman}, M.~L. and {Paschos}, P. and {Abel}, T.},
  title = 	 {H2 in the Early Universe},
  journal = 	 {Mem. Soc. Astron. Italiana},
  year = 	 {1998},
  volume = 	 {69},
  pages = 	 {271},
}

@ARTICLE{Jena05,
   author = {{Jena}, T. and {Norman}, M.~L. and {Tytler}, D. and {Kirkman}, D. and 
	{Suzuki}, N. and {Chapman}, A. and {Melis}, C. and {Paschos}, P. and 
	{O'Shea}, B. and {So}, G. and {Lubin}, D. and {Lin}, W.-C. and 
	{Reimers}, D. and {Janknecht}, E. and {Fechner}, C.},
    title = "{A concordance model of the Lyman {$\alpha$} forest at z= 1.95}",
  journal = {\mnras},
   eprint = {arXiv:astro-ph/0412557},
 keywords = {intergalactic medium, quasars: absorption lines, cosmological parameters},
     year = 2005,
    month = jul,
   volume = 361,
    pages = {70-96},
      doi = {10.1111/j.1365-2966.2005.09095.x},
   adsurl = {http://adsabs.harvard.edu/abs/2005MNRAS.361...70J},
  adsnote = {Provided by the SAO/NASA Astrophysics Data System}
}

@ARTICLE{CooraySheth2002,
   author = {{Cooray}, A. and {Sheth}, R.},
    title = "{Halo models of large scale structure}",
  journal = {\physrep},
   eprint = {arXiv:astro-ph/0206508},
     year = 2002,
    month = dec,
   volume = 372,
    pages = {1-129},
      doi = {10.1016/S0370-1573(02)00276-4},
   adsurl = {http://adsabs.harvard.edu/abs/2002PhR...372....1C},
  adsnote = {Provided by the SAO/NASA Astrophysics Data System}
}

@ARTICLE{Xu13,
   author = {{Xu}, H. and {Wise}, J.~H. and {Norman}, M.~L.},
    title = "{Population III Stars and Remnants in High Redshift Galaxies}",
  journal = {ArXiv e-prints},
archivePrefix = "arXiv",
   eprint = {1305.1325},
 primaryClass = "astro-ph.CO",
 keywords = {Astrophysics - Cosmology and Extragalactic Astrophysics},
     year = 2013,
    month = may,
   adsurl = {http://adsabs.harvard.edu/abs/2013arXiv1305.1325X},
  adsnote = {Provided by the SAO/NASA Astrophysics Data System}
}

@ARTICLE{Bouwens11,
   author = {{Bouwens}, R.~J. and {Illingworth}, G.~D. and {Labbe}, I. and 
	{Oesch}, P.~A. and {Trenti}, M. and {Carollo}, C.~M. and {van Dokkum}, P.~G. and 
	{Franx}, M. and {Stiavelli}, M. and {Gonz{\'a}lez}, V. and {Magee}, D. and 
	{Bradley}, L.},
    title = "{A candidate redshift z\~{}10 galaxy and rapid changes in that population at an age of 500Myr}",
  journal = {\nat},
archivePrefix = "arXiv",
   eprint = {0912.4263},
 primaryClass = "astro-ph.CO",
     year = 2011,
    month = jan,
   volume = 469,
    pages = {504-507},
      doi = {10.1038/nature09717},
   adsurl = {http://adsabs.harvard.edu/abs/2011Natur.469..504B},
  adsnote = {Provided by the SAO/NASA Astrophysics Data System}
}

@ARTICLE{Bouwens12,
   author = {{Bouwens}, R.~J. and {Illingworth}, G.~D. and {Oesch}, P.~A. and 
	{Trenti}, M. and {Labb{\'e}}, I. and {Franx}, M. and {Stiavelli}, M. and 
	{Carollo}, C.~M. and {van Dokkum}, P. and {Magee}, D.},
    title = "{Lower-luminosity Galaxies Could Reionize the Universe: Very Steep Faint-end Slopes to the UV Luminosity Functions at z {\gt}= 5-8 from the HUDF09 WFC3/IR Observations}",
  journal = {\apjl},
archivePrefix = "arXiv",
   eprint = {1105.2038},
 primaryClass = "astro-ph.CO",
 keywords = {galaxies: evolution, galaxies: high-redshift},
     year = 2012,
    month = jun,
   volume = 752,
      eid = {L5},
    pages = {L5},
      doi = {10.1088/2041-8205/752/1/L5},
   adsurl = {http://adsabs.harvard.edu/abs/2012ApJ...752L...5B},
  adsnote = {Provided by the SAO/NASA Astrophysics Data System}
}

@ARTICLE{ABN02,
   author = {{Abel}, T. and {Bryan}, G.~L. and {Norman}, M.~L.},
    title = "{The Formation of the First Star in the Universe}",
  journal = {Science},
   eprint = {arXiv:astro-ph/0112088},
     year = 2002,
    month = jan,
   volume = 295,
    pages = {93-98},
      doi = {10.1126/science.295.5552.93},
   adsurl = {http://adsabs.harvard.edu/abs/2002Sci...295...93A},
  adsnote = {Provided by the SAO/NASA Astrophysics Data System}
}

@ARTICLE{Yoshida03,
   author = {{Yoshida}, N. and {Abel}, T. and {Hernquist}, L. and {Sugiyama}, N.
	},
    title = "{Simulations of Early Structure Formation: Primordial Gas Clouds}",
  journal = {\apj},
   eprint = {arXiv:astro-ph/0301645},
 keywords = {Cosmology: Theory, Cosmology: Early Universe, Galaxies: Formation, Stars: Formation},
     year = 2003,
    month = aug,
   volume = 592,
    pages = {645-663},
      doi = {10.1086/375810},
   adsurl = {http://adsabs.harvard.edu/abs/2003ApJ...592..645Y},
  adsnote = {Provided by the SAO/NASA Astrophysics Data System}
}


@ARTICLE{BL04,
   author = {{Bromm}, V. and {Larson}, R.~B.},
    title = "{The First Stars}",
  journal = {\araa},
   eprint = {arXiv:astro-ph/0311019},
     year = 2004,
    month = sep,
   volume = 42,
    pages = {79-118},
      doi = {10.1146/annurev.astro.42.053102.134034},
   adsurl = {http://adsabs.harvard.edu/abs/2004ARA%26A..42...79B},
  adsnote = {Provided by the SAO/NASA Astrophysics Data System}
}

@ARTICLE{Sokasian04,
   author = {{Sokasian}, A. and {Yoshida}, N. and {Abel}, T. and {Hernquist}, L. and 
	{Springel}, V.},
    title = "{Cosmic reionization by stellar sources: population III stars}",
  journal = {\mnras},
   eprint = {arXiv:astro-ph/0307451},
 keywords = {radiative transfer, intergalactic medium, galaxies: starburst},
     year = 2004,
    month = may,
   volume = 350,
    pages = {47-65},
      doi = {10.1111/j.1365-2966.2004.07636.x},
   adsurl = {http://adsabs.harvard.edu/abs/2004MNRAS.350...47S},
  adsnote = {Provided by the SAO/NASA Astrophysics Data System}
}

@Article{MirochaEtAl2012,
  author = 	 {{Mirocha}, J. and {Skory}, S. and {Burns}, J.O. and {Wise}, J.H.},
  title = 	 {Optimized multi-frequency spectra for applications in radiative 
                  feedback and cosmological reionization},
  journal = 	 {\apj},
  year = 	 {2012},
  volume = 	 {756},
  number = 	 {1},
  doi =          {10.1088/0004-637X/756/1/94},
}

@ARTICLE{Spergel2003,
   author = {{Spergel}, D.~N. and {Verde}, L. and {Peiris}, H.~V. and {Komatsu}, E. and 
	{Nolta}, M.~R. and {Bennett}, C.~L. and {Halpern}, M. and {Hinshaw}, G. and 
	{Jarosik}, N. and {Kogut}, A. and {Limon}, M. and {Meyer}, S.~S. and 
	{Page}, L. and {Tucker}, G.~S. and {Weiland}, J.~L. and {Wollack}, E. and 
	{Wright}, E.~L.},
    title = "{First-Year Wilkinson Microwave Anisotropy Probe (WMAP) Observations: Determination of Cosmological Parameters}",
  journal = {\apjs},
   eprint = {astro-ph/0302209},
 keywords = {Cosmology: Cosmic Microwave Background, Cosmology: Cosmological Parameters- Cosmology: Observations, Cosmology: Early Universe},
     year = 2003,
    month = sep,
   volume = 148,
    pages = {175-194},
      doi = {10.1086/377226},
   adsurl = {http://adsabs.harvard.edu/abs/2003ApJS..148..175S},
  adsnote = {Provided by the SAO/NASA Astrophysics Data System}
}

@ARTICLE{Komatsu2009,
   author = {{Komatsu}, E. and {Dunkley}, J. and {Nolta}, M.~R. and {Bennett}, C.~L. and 
	{Gold}, B. and {Hinshaw}, G. and {Jarosik}, N. and {Larson}, D. and 
	{Limon}, M. and {Page}, L. and {Spergel}, D.~N. and {Halpern}, M. and 
	{Hill}, R.~S. and {Kogut}, A. and {Meyer}, S.~S. and {Tucker}, G.~S. and 
	{Weiland}, J.~L. and {Wollack}, E. and {Wright}, E.~L.},
    title = "{Five-Year Wilkinson Microwave Anisotropy Probe Observations: Cosmological Interpretation}",
  journal = {\apjs},
archivePrefix = "arXiv",
   eprint = {0803.0547},
 keywords = {cosmic microwave background, cosmology: observations, dark matter, early universe, instrumentation: detectors, space vehicles: instruments, telescopes},
     year = 2009,
    month = feb,
   volume = 180,
    pages = {330-376},
      doi = {10.1088/0067-0049/180/2/330},
   adsurl = {http://adsabs.harvard.edu/abs/2009ApJS..180..330K},
  adsnote = {Provided by the SAO/NASA Astrophysics Data System}
}

@ARTICLE{JarosikEtAl2011,
   author = {{Jarosik}, N. and {Bennett}, C.~L. and {Dunkley}, J. and {Gold}, B. and 
	{Greason}, M.~R. and {Halpern}, M. and {Hill}, R.~S. and {Hinshaw}, G. and 
	{Kogut}, A. and {Komatsu}, E. and {Larson}, D. and {Limon}, M. and 
	{Meyer}, S.~S. and {Nolta}, M.~R. and {Odegard}, N. and {Page}, L. and 
	{Smith}, K.~M. and {Spergel}, D.~N. and {Tucker}, G.~S. and 
	{Weiland}, J.~L. and {Wollack}, E. and {Wright}, E.~L.},
    title = "{Seven-year Wilkinson Microwave Anisotropy Probe (WMAP) Observations: Sky Maps, Systematic Errors, and Basic Results}",
  journal = {ApJS},
archivePrefix = "arXiv",
   eprint = {1001.4744},
 primaryClass = "astro-ph.CO",
 keywords = {cosmic background radiation, space vehicles: instruments},
     year = 2011,
    month = feb,
   volume = 192,
      eid = {14},
    pages = {14},
      doi = {10.1088/0067-0049/192/2/14},
   adsurl = {http://adsabs.harvard.edu/abs/2011ApJS..192...14J},
  adsnote = {Provided by the SAO/NASA Astrophysics Data System}
}

@ARTICLE{MadauEtAl1999,
   author = {{Madau}, P. and {Haardt}, F. and {Rees}, M.~J.},
    title = "{Radiative Transfer in a Clumpy Universe. III. The Nature of Cosmological Ionizing Sources}",
  journal = {\apj},
   eprint = {arXiv:astro-ph/9809058},
 keywords = {COSMOLOGY: DIFFUSE RADIATION, GALAXIES: INTERGALACTIC MEDIUM, RADIATIVE TRANSFER},
     year = 1999,
    month = apr,
   volume = 514,
    pages = {648-659},
      doi = {10.1086/306975},
   adsurl = {http://adsabs.harvard.edu/abs/1999ApJ...514..648M},
  adsnote = {Provided by the SAO/NASA Astrophysics Data System}
}

@ARTICLE{BoltonHaehnelt2007,
   author = {{Bolton}, J.~S. and {Haehnelt}, M.~G.},
    title = "{The observed ionization rate of the intergalactic medium and the ionizing emissivity at z {\gt}= 5: evidence for a photon-starved and extended epoch of reionization}",
  journal = {\mnras},
   eprint = {arXiv:astro-ph/0703306},
 keywords = {hydrodynamics, methods: numerical, intergalactic medium, quasars: absorption lines, diffuse radiation},
     year = 2007,
    month = nov,
   volume = 382,
    pages = {325-341},
      doi = {10.1111/j.1365-2966.2007.12372.x},
   adsurl = {http://adsabs.harvard.edu/abs/2007MNRAS.382..325B},
  adsnote = {Provided by the SAO/NASA Astrophysics Data System}
}

@ARTICLE{BeckerBolton2013,
   author = {{Becker}, G.~D. and {Bolton}, J.~S.},
    title = "{New measurements of the ionizing ultraviolet background over 2 {\lt} z {\lt} 5 and implications for hydrogen reionization}",
  journal = {\mnras},
archivePrefix = "arXiv",
   eprint = {1307.2259},
 primaryClass = "astro-ph.CO",
 keywords = {galaxies: high-redshift, intergalactic medium, quasars: absorption lines, cosmic background radiation, cosmology: observations, dark ages, reionization, first stars},
     year = 2013,
    month = dec,
   volume = 436,
    pages = {1023-1039},
      doi = {10.1093/mnras/stt1610},
   adsurl = {http://adsabs.harvard.edu/abs/2013MNRAS.436.1023B},
  adsnote = {Provided by the SAO/NASA Astrophysics Data System}
}

@ARTICLE{Iliev2012,
   author = {{Iliev}, I.~T. and {Mellema}, G. and {Shapiro}, P.~R. and {Pen}, U.-L. and 
	{Mao}, Y. and {Koda}, J. and {Ahn}, K.},
    title = "{Can 21-cm observations discriminate between high-mass and low-mass galaxies as reionization sources?}",
  journal = {\mnras},
archivePrefix = "arXiv",
   eprint = {1107.4772},
 primaryClass = "astro-ph.CO",
 keywords = {radiative transfer, methods: numerical, galaxies: haloes, galaxies: high-redshift, intergalactic medium, dark ages, reionization, first stars},
     year = 2012,
    month = jul,
   volume = 423,
    pages = {2222-2253},
      doi = {10.1111/j.1365-2966.2012.21032.x},
   adsurl = {http://adsabs.harvard.edu/abs/2012MNRAS.423.2222I},
  adsnote = {Provided by the SAO/NASA Astrophysics Data System}
}

@ARTICLE{PawlikSchaye2008,
   author = {{Pawlik}, A.~H. and {Schaye}, J.},
    title = "{TRAPHIC - radiative transfer for smoothed particle hydrodynamics simulations}",
  journal = {\mnras},
archivePrefix = "arXiv",
   eprint = {0802.1715},
 keywords = {radiative transfer , hydrodynamics , methods: numerical , HII regions , diffuse radiation , large-scale structure of Universe},
     year = 2008,
    month = sep,
   volume = 389,
    pages = {651-677},
      doi = {10.1111/j.1365-2966.2008.13601.x},
   adsurl = {http://adsabs.harvard.edu/abs/2008MNRAS.389..651P},
  adsnote = {Provided by the SAO/NASA Astrophysics Data System}
}

@ARTICLE{PawlikSchaye2011,
   author = {{Pawlik}, A.~H. and {Schaye}, J.},
    title = "{Multifrequency, thermally coupled radiative transfer with TRAPHIC: method and tests}",
  journal = {\mnras},
archivePrefix = "arXiv",
   eprint = {1008.1071},
 primaryClass = "astro-ph.IM",
 keywords = {hydrodynamics, radiative transfer, methods: numerical, H II regions, diffuse radiation, large-scale structure of Universe},
     year = 2011,
    month = apr,
   volume = 412,
    pages = {1943-1964},
      doi = {10.1111/j.1365-2966.2010.18032.x},
   adsurl = {http://adsabs.harvard.edu/abs/2011MNRAS.412.1943P},
  adsnote = {Provided by the SAO/NASA Astrophysics Data System}
}

@ARTICLE{Mellema2006,
   author = {{Mellema}, G. and {Iliev}, I.~T. and {Alvarez}, M.~A. and {Shapiro}, P.~R.
	},
    title = "{C $^{2}$-ray: A new method for photon-conserving transport of ionizing radiation}",
  journal = {\na},
   eprint = {astro-ph/0508416},
     year = 2006,
    month = mar,
   volume = 11,
    pages = {374-395},
      doi = {10.1016/j.newast.2005.09.004},
   adsurl = {http://adsabs.harvard.edu/abs/2006NewA...11..374M},
  adsnote = {Provided by the SAO/NASA Astrophysics Data System}
}

@ARTICLE{RazoumovCardall2005,
   author = {{Razoumov}, A.~O. and {Cardall}, C.~Y.},
    title = "{Fully threaded transport engine: new method for multi-scale radiative transfer}",
  journal = {\mnras},
   eprint = {astro-ph/0505172},
 keywords = {radiative transfer, methods: numerical, intergalactic medium},
     year = 2005,
    month = oct,
   volume = 362,
    pages = {1413-1417},
      doi = {10.1111/j.1365-2966.2005.09409.x},
   adsurl = {http://adsabs.harvard.edu/abs/2005MNRAS.362.1413R},
  adsnote = {Provided by the SAO/NASA Astrophysics Data System}
}

@ARTICLE{Enzo2014,
   author = {{Bryan}, G.~L. and {Norman}, M.~L. and {O'Shea}, B.~W. and {Abel}, T. and 
	{Wise}, J.~H. and {Turk}, M.~J. and {Reynolds}, D.~R. and {Collins}, D.~C. and 
	{Wang}, P. and {Skillman}, S.~W. and {Smith}, B. and {Harkness}, R.~P. and 
	{Bordner}, J. and {Kim}, J.-h. and {Kuhlen}, M. and {Xu}, H. and 
	{Goldbaum}, N. and {Hummels}, C. and {Kritsuk}, A.~G. and {Tasker}, E. and 
	{Skory}, S. and {Simpson}, C.~M. and {Hahn}, O. and {Oishi}, J.~S. and 
	{So}, G.~C. and {Zhao}, F. and {Cen}, R. and {Li}, Y. and {The Enzo Collaboration}
	},
    title = "{ENZO: An Adaptive Mesh Refinement Code for Astrophysics}",
  journal = {\apjs},
archivePrefix = "arXiv",
   eprint = {1307.2265},
 primaryClass = "astro-ph.IM",
 keywords = {hydrodynamics, methods: numerical },
     year = 2014,
    month = apr,
   volume = 211,
      eid = {19},
    pages = {19},
      doi = {10.1088/0067-0049/211/2/19},
   adsurl = {http://adsabs.harvard.edu/abs/2014ApJS..211...19B},
  adsnote = {Provided by the SAO/NASA Astrophysics Data System}
}

@ARTICLE{So2014,
   author = {{So}, G.~C. and {Norman}, M.~L. and {Reynolds}, D.~R. and {Harkness}, R.~P.
	},
    title = "{Direct Numerical Simulation of Reionization II: Recombinations, Clumping Factors, and the Photon Budget for Reionization}",
  journal = {ArXiv e-prints},
archivePrefix = "arXiv",
   eprint = {1311.2152},
 primaryClass = "astro-ph.CO",
 keywords = {Astrophysics - Cosmology and Extragalactic Astrophysics},
     year = 2013,
    month = nov,
   adsurl = {http://adsabs.harvard.edu/abs/2013arXiv1311.2152S},
  adsnote = {Provided by the SAO/NASA Astrophysics Data System}
}

@ARTICLE{Wise2014,
   author = {{Wise}, J.~H. and {Demchenko}, V.~G. and {Halicek}, M.~T. and 
	{Norman}, M.~L. and {Turk}, M.~J. and {Abel}, T. and {Smith}, B.~D.
	},
    title = "{The Birth of a Galaxy - III. Propelling reionisation with the faintest galaxies}",
  journal = {ArXiv e-prints},
archivePrefix = "arXiv",
   eprint = {1403.6123},
 keywords = {Astrophysics - Cosmology and Nongalactic Astrophysics, Astrophysics - Astrophysics of Galaxies},
     year = 2014,
    month = mar,
   adsurl = {http://adsabs.harvard.edu/abs/2014arXiv1403.6123W},
  adsnote = {Provided by the SAO/NASA Astrophysics Data System}
}






