@ARTICLE{MiraldaEscudeEtAl2000,
   author = {{Miralda-Escud{\'e}}, J. and {Haehnelt}, M. and {Rees}, M.~J.
	},
    title = "{Reionization of the Inhomogeneous Universe}",
  journal = {\apj},
   eprint = {arXiv:astro-ph/9812306},
 keywords = {COSMOLOGY: THEORY, GALAXIES: INTERGALACTIC MEDIUM, COSMOLOGY: LARGE-SCALE STRUCTURE OF UNIVERSE, GALAXIES: QUASARS: ABSORPTION LINES},
     year = 2000,
    month = feb,
   volume = 530,
    pages = {1-16},
      doi = {10.1086/308330},
   adsurl = {http://adsabs.harvard.edu/abs/2000ApJ...530....1M},
  adsnote = {Provided by the SAO/NASA Astrophysics Data System}
}

@Article{LoebBarkana2001,
  author = 	 {A. Loeb and R. Barkana},
  title = 	 {The Reionization of the Universe by the First Stars and Quasars},
  journal = 	 {Annu. Rev. Astro. Astrophys},
  year = 	 {2001},
}

@Article{RaicevicTheuns2011,
  author = 	 {M. Raicevic and T. Theuns},
  title = 	 {Modelling recombinations during cosmological reionization},
  journal = 	 {Monthly Notices of the Royal Astronomical Society: Letters},
  year = 	 {2011},
}

@ARTICLE{PetkovaSpringel2011b,
   author = {{Petkova}, M. and {Springel}, V.},
    title = "{A novel approach for accurate radiative transfer in cosmological hydrodynamic simulations}",
  journal = {\mnras},
archivePrefix = "arXiv",
   eprint = {1012.1017},
 primaryClass = "astro-ph.CO",
 keywords = {radiative transfer, methods: numerical, intergalactic medium},
     year = 2011,
    month = aug,
   volume = 415,
    pages = {3731-3749},
      doi = {10.1111/j.1365-2966.2011.18986.x},
   adsurl = {http://adsabs.harvard.edu/abs/2011MNRAS.415.3731P},
  adsnote = {Provided by the SAO/NASA Astrophysics Data System}
}

@ARTICLE{PetkovaSpringel2011a,
   author = {{Petkova}, M. and {Springel}, V.},
    title = "{Simulations of galaxy formation with radiative transfer: hydrogen reionization and radiative feedback}",
  journal = {\mnras},
archivePrefix = "arXiv",
   eprint = {1008.4459},
 primaryClass = "astro-ph.CO",
 keywords = {galaxies: formation, intergalactic medium},
     year = 2011,
    month = apr,
   volume = 412,
    pages = {935-946},
      doi = {10.1111/j.1365-2966.2010.17955.x},
   adsurl = {http://adsabs.harvard.edu/abs/2011MNRAS.412..935P},
  adsnote = {Provided by the SAO/NASA Astrophysics Data System}
}

@ARTICLE{FanEtAl2006,
   author = {{Fan}, X. and {Carilli}, C.~L. and {Keating}, B.},
    title = "{Observational Constraints on Cosmic Reionization}",
  journal = {\araa},
   eprint = {arXiv:astro-ph/0602375},
     year = 2006,
    month = sep,
   volume = 44,
    pages = {415-462},
      doi = {10.1146/annurev.astro.44.051905.092514},
   adsurl = {http://adsabs.harvard.edu/abs/2006ARA%26A..44..415F},
  adsnote = {Provided by the SAO/NASA Astrophysics Data System}
}

@Article{HarknessNormanReynoldsSo2011_a,
  author = 	 {R. Harkness and M.L. Norman and D.R. Reynolds and G.~C. So},
  title = 	 {Direct Numerical Simulation of Reionization in Large Cosmological Volumes I: Numerical Methods and Tests},
  journal = 	 {(in preparation)},
  year = 	 {2011},
}

@Article{HarknessNormanReynoldsSo2011_b,
  author = 	 {R. Harkness and M.L. Norman and D.R. Reynolds and G.~C. So},
  title = 	 {Direct Numerical Simulation of Reionization in Large Cosmological Volumes II: Clumping Factor Evolution and the Photon Budget for Reionization},
  journal = 	 {(in preparation)},
  year = 	 {2011},
}

@Article{HarknessNormanReynoldsSo2011_c,
  author = 	 {R. Harkness and M.L. Norman and D.R. Reynolds and G.~C. So},
  title = 	 {Direct Numerical Simulation of Reionization in Large Cosmological Volumes III: Results from the Renaissance Simulation},
  journal = 	 {(in preparation)},
  year = 	 {2011},
}

@ARTICLE{MadauEtAl1999,
   author = {{Madau}, P. and {Haardt}, F. and {Rees}, M.~J.},
    title = "{Radiative Transfer in a Clumpy Universe. III. The Nature of Cosmological Ionizing Sources}",
  journal = {\apj},
   eprint = {arXiv:astro-ph/9809058},
 keywords = {COSMOLOGY: DIFFUSE RADIATION, GALAXIES: INTERGALACTIC MEDIUM, RADIATIVE TRANSFER},
     year = 1999,
    month = apr,
   volume = 514,
    pages = {648-659},
      doi = {10.1086/306975},
   adsurl = {http://adsabs.harvard.edu/abs/1999ApJ...514..648M},
  adsnote = {Provided by the SAO/NASA Astrophysics Data System}
}

@BOOK{HockneyEastwood1988,
   author = {{Hockney}, R.~W. and {Eastwood}, J.~W.},
    title = {Computer simulation using particles},
booktitle = {Bristol: Hilger, 1988},
     year = 1988,
   adsurl = {http://adsabs.harvard.edu/abs/1988csup.book.....H},
  adsnote = {Provided by the SAO/NASA Astrophysics Data System}
}

@INPROCEEDINGS{NormanBryan1999,
   author = {{Norman}, M.~L. and {Bryan}, G.~L.},
    title = {Cosmological Adaptive Mesh Refinement},
booktitle = {Numerical Astrophysics},
     year = 1999,
   series = {Astrophysics and Space Science Library},
   volume = 240,
   editor = {{Miyama}, S.~M. and {Tomisaka}, K. and {Hanawa}, T.},
    pages = {19},
   adsurl = {http://adsabs.harvard.edu/abs/1999ASSL..240...19N},
  adsnote = {Provided by the SAO/NASA Astrophysics Data System}
}

@inbook{OSheaEtAl2004,
  author = 	 {{O'Shea}, B.~W. and {Bryan}, G. and {Bordner}, J.~O. and {Norman}, M.~L.
                  and {Abel}, T.  and {Harkness}, R. and {Kritsuk}, A.},
  title = 	 {Adaptive Mesh Refinement -- Theory and Applications},
  chapter = 	 {Introducing Enzo, an {AMR} Cosmology Application},
  publisher = 	 {Springer},
  year = 	 {2004},
  series = 	 {Lecture Notes in Computational Science and Engineering}
}

@article{AbelEtAl1997,
   author    = {{Abel}, T. and {Anninos}, P. and {Zhang}, Y. and {Norman}, M.~L.}, 
   title     = {Modeling primordial as in numerical cosmology},
   journal   = {New A.},
   volume    = {2},
   pages     = {181-207},
   year      = {1997}
}

@ARTICLE{HayesNorman2003,
   author = {{Hayes}, J.~C. and {Norman}, M.~L.},
    title = "{Beyond Flux-limited Diffusion: Parallel Algorithms for Multidimensional 
              Radiation Hydrodynamics}",
  journal = {Ap. J. Supp.},
   eprint = {arXiv:astro-ph/0207260},
 keywords = {Hydrodynamics, Methods: Numerical, Radiative Transfer},
     year = 2003,
    month = jul,
   volume = 147,
    pages = {197-220},
      doi = {10.1086/374658},
   adsurl = {http://adsabs.harvard.edu/abs/2003ApJS..147..197H},
  adsnote = {Provided by the SAO/NASA Astrophysics Data System}
}

@PhdThesis{Paschos2005,
  author     = {{Paschos}, P.},
  title      = {On the Ionization and Chemical Evolution of the 
                Intergalactic Medium},
  school     = {University of Illinois at Urbana-Champaign},
  year       = {2005},
}

@Article{Morel2000,
  author = 	 {{Morel}, J.~E.},
  title = 	 {Diffusion-limit asymptotics of the transport equation, the $p_{1/3}$ equations, and two flux-limited diffusion theories},
  journal = 	 {J.~Quant.~Spectrosc.~Radiat.~Transfer},
  year = 	 {2000},
  volume = 	 {65},
  pages = 	 {769-778},
}

@Article{RicottiEtAl2002,
  author = 	 {{Ricotti}, M. and {Gnedin}, N.~Y. and {Shull}, J.~M.},
  title = 	 {The Fate of the First Galaxies: I. Self-consistent Cosmological Simulations with Radiative Transfer},
  journal = 	 {The Astrophysical Journal},
  year = 	 {2002},
  pages =        {33-48},
  volume = 	 {575},
  number = 	 {1},
}

@Article{Cen1992,
  author = 	 {{Cen}, R.},
  title = 	 {A Hydrodynamic Approach to Cosmology: Methodology},
  journal = 	 {Ap. J. Supp.},
  year = 	 {1992},
  volume = 	 {78},
  pages = 	 {341}
}

@Article{SmithHallmanShullOShea2011,
  author = 	 {{Smith}, B.~D. and {Hallman}, E.~J. and {Shull}, M.~J. and {O'Shea}, B.~W.},
  title = 	 {THE NATURE OF THE WARM/HOT INTERGALACTIC MEDIUM. I. NUMERICAL METHODS, CONVERGENCE, AND O vi ABSORPTION},
  journal = 	 {Ap. J.},
  year = 	 {2011},
  volume = 	 {731},
  pages = 	 {6S}
}

@conference{Finlator2011,
 author    = {{Finlator}, K.},
 title     = {Recent Advances in Cosmological Hydrogen Reionization},
 booktitle = {Frank N. Bash Symposium New Horizons In Astronomy},
 year      = {2011},
 month     = {Oct}
}

@ARTICLE{BouwensEtAl2011,
   author = {{Bouwens}, R.~J. and {Illingworth}, G.~D. and {Labbe}, I. and 
	{Oesch}, P.~A. and {Trenti}, M. and {Carollo}, C.~M. and {van Dokkum}, P.~G. and 
	{Franx}, M. and {Stiavelli}, M. and {Gonz{\'a}lez}, V. and {Magee}, D. and 
	{Bradley}, L.},
    title = "{A candidate redshift z\~10 galaxy and rapid changes in that population at an age of 500Myr}",
  journal = {Nature},
archivePrefix = "arXiv",
   eprint = {0912.4263},
 primaryClass = "astro-ph.CO",
     year = 2011,
    month = jan,
   volume = 469,
    pages = {504-507},
      doi = {10.1038/nature09717},
   adsurl = {http://adsabs.harvard.edu/abs/2011Natur.469..504B},
  adsnote = {Provided by the SAO/NASA Astrophysics Data System}
}

@ARTICLE{IlievEtAl2006,
   author = {{Iliev}, I.~T. and {Mellema}, G. and {Pen}, U.-L. and {Merz}, H. and 
	{Shapiro}, P.~R. and {Alvarez}, M.~A.},
    title = "{Simulating cosmic reionization at large scales - I. The geometry of reionization}",
  journal = {MNRAS},
   eprint = {arXiv:astro-ph/0512187},
 keywords = {radiative transfer: methods: numerical: ISM: bubbles: HII regions: galaxies: formation: galaxies: haloes: galaxies: high-redshift: intergalactic medium: cosmology: theory, radiative transfer, methods: numerical, ISM: bubbles, HII regions, galaxies: formation, galaxies: haloes, galaxies: high-redshift, intergalactic medium, cosmology: theory},
     year = 2006,
    month = jul,
   volume = 369,
    pages = {1625-1638},
      doi = {10.1111/j.1365-2966.2006.10502.x},
   adsurl = {http://adsabs.harvard.edu/abs/2006MNRAS.369.1625I},
  adsnote = {Provided by the SAO/NASA Astrophysics Data System}
}

@ARTICLE{GnedinOstriker1997,
   author = {{Gnedin}, N.~Y. and {Ostriker}, J.~P.},
    title = "{Reionization of the Universe and the Early Production of Metals}",
  journal = {ApJ},
   eprint = {arXiv:astro-ph/9612127},
     year = 1997,
    month = sep,
   volume = 486,
    pages = {581},
      doi = {10.1086/304548},
   adsurl = {http://adsabs.harvard.edu/abs/1997ApJ...486..581G},
  adsnote = {Provided by the SAO/NASA Astrophysics Data System}
}

@ARTICLE{ZahnEtAl2007,
   author = {{Zahn}, O. and {Lidz}, A. and {McQuinn}, M. and {Dutta}, S. and 
	{Hernquist}, L. and {Zaldarriaga}, M. and {Furlanetto}, S.~R.},
    title = "{Simulations and Analytic Calculations of Bubble Growth during Hydrogen Reionization}",
  journal = {ApJ},
   eprint = {arXiv:astro-ph/0604177},
 keywords = {Cosmology: Theory, Galaxies: Intergalactic Medium, Cosmology: Large-Scale Structure of Universe},
     year = 2007,
    month = jan,
   volume = 654,
    pages = {12-26},
      doi = {10.1086/509597},
   adsurl = {http://adsabs.harvard.edu/abs/2007ApJ...654...12Z},
  adsnote = {Provided by the SAO/NASA Astrophysics Data System}
}

@ARTICLE{TracCen2007,
   author = {{Trac}, H. and {Cen}, R.},
    title = "{Radiative Transfer Simulations of Cosmic Reionization. I. Methodology and Initial Results}",
  journal = {\apj},
   eprint = {arXiv:astro-ph/0612406},
 keywords = {Cosmology: Theory, Galaxies: Formation, Galaxies: Intergalactic Medium, Cosmology: Large-Scale Structure of Universe, Methods: Numerical, Radiative Transfer, Stars: Formation},
     year = 2007,
    month = dec,
   volume = 671,
    pages = {1-13},
      doi = {10.1086/522566},
   adsurl = {http://adsabs.harvard.edu/abs/2007ApJ...671....1T},
  adsnote = {Provided by the SAO/NASA Astrophysics Data System}
}


@ARTICLE{MeselliEtAl2003,
   author = {{Maselli}, A. and {Ferrara}, A. and {Ciardi}, B.},
    title = "{CRASH: a radiative transfer scheme}",
  journal = {MNRAS},
   eprint = {arXiv:astro-ph/0307117},
 keywords = {radiative transfer, methods: numerical , intergalactic medium , cosmology: theory},
     year = 2003,
    month = oct,
   volume = 345,
    pages = {379-394},
      doi = {10.1046/j.1365-8711.2003.06979.x},
   adsurl = {http://adsabs.harvard.edu/abs/2003MNRAS.345..379M},
  adsnote = {Provided by the SAO/NASA Astrophysics Data System}
}

@ARTICLE{CiardiEtAl2003,
   author = {{Ciardi}, B. and {Stoehr}, F. and {White}, S.~D.~M.},
    title = "{Simulating intergalactic medium reionization}",
  journal = {MNRAS},
   eprint = {arXiv:astro-ph/0301293},
 keywords = {galaxies: formation, intergalactic medium, cosmology: theory},
     year = 2003,
    month = aug,
   volume = 343,
    pages = {1101-1109},
      doi = {10.1046/j.1365-8711.2003.06797.x},
   adsurl = {http://adsabs.harvard.edu/abs/2003MNRAS.343.1101C},
  adsnote = {Provided by the SAO/NASA Astrophysics Data System}
}

@ARTICLE{ValageasSilk1999,
   author = {{Valageas}, P. and {Silk}, J.},
    title = "{The reheating and reionization history of the universe}",
  journal = {AAP},
   eprint = {arXiv:astro-ph/9903411},
 keywords = {COSMOLOGY: LARGE-SCALE STRUCTURE OF UNIVERSE, GALAXIES: EVOLUTION, GALAXIES: QUASARS: GENERAL, GALAXIES: INTERGALACTIC MEDIUM},
     year = 1999,
    month = jul,
   volume = 347,
    pages = {1-20},
   adsurl = {http://adsabs.harvard.edu/abs/1999A%26A...347....1V},
  adsnote = {Provided by the SAO/NASA Astrophysics Data System}
}

@ARTICLE{BarkanaLoeb2007,
   author = {{Barkana}, R. and {Loeb}, A.},
    title = "{The physics and early history of the intergalactic medium}",
  journal = {Reports on Progress in Physics},
   eprint = {arXiv:astro-ph/0611541},
     year = 2007,
    month = apr,
   volume = 70,
    pages = {627-657},
      doi = {10.1088/0034-4885/70/4/R02},
   adsurl = {http://adsabs.harvard.edu/abs/2007RPPh...70..627B},
  adsnote = {Provided by the SAO/NASA Astrophysics Data System}
}

@ARTICLE{JarosikEtAl2011,
   author = {{Jarosik}, N. and {Bennett}, C.~L. and {Dunkley}, J. and {Gold}, B. and 
	{Greason}, M.~R. and {Halpern}, M. and {Hill}, R.~S. and {Hinshaw}, G. and 
	{Kogut}, A. and {Komatsu}, E. and {Larson}, D. and {Limon}, M. and 
	{Meyer}, S.~S. and {Nolta}, M.~R. and {Odegard}, N. and {Page}, L. and 
	{Smith}, K.~M. and {Spergel}, D.~N. and {Tucker}, G.~S. and 
	{Weiland}, J.~L. and {Wollack}, E. and {Wright}, E.~L.},
    title = "{Seven-year Wilkinson Microwave Anisotropy Probe (WMAP) Observations: Sky Maps, Systematic Errors, and Basic Results}",
  journal = {ApJS},
archivePrefix = "arXiv",
   eprint = {1001.4744},
 primaryClass = "astro-ph.CO",
 keywords = {cosmic background radiation, space vehicles: instruments},
     year = 2011,
    month = feb,
   volume = 192,
      eid = {14},
    pages = {14},
      doi = {10.1088/0067-0049/192/2/14},
   adsurl = {http://adsabs.harvard.edu/abs/2011ApJS..192...14J},
  adsnote = {Provided by the SAO/NASA Astrophysics Data System}
}

@ARTICLE{TracGnedin2011,
   author = {{Trac}, H.~Y. and {Gnedin}, N.~Y.},
    title = "{Computer Simulations of Cosmic Reionization}",
  journal = {Advanced Science Letters},
archivePrefix = "arXiv",
   eprint = {0906.4348},
 primaryClass = "astro-ph.CO",
     year = 2011,
    month = feb,
   volume = 4,
    pages = {228-243},
      doi = {10.1166/asl.2011.1214},
   adsurl = {http://adsabs.harvard.edu/abs/2011ASL.....4..228T},
  adsnote = {Provided by the SAO/NASA Astrophysics Data System}
}

@ARTICLE{PawlikEtAl2009,
   author = {{Pawlik}, A.~H. and {Schaye}, J. and {van Scherpenzeel}, E.},
    title = "{Keeping the Universe ionized: photoheating and the clumping factor of the high-redshift intergalactic medium}",
  journal = {MNRAS},
archivePrefix = "arXiv",
   eprint = {0807.3963},
 keywords = {hydrodynamics , radiative transfer , methods: numerical , galaxies: formation , intergalactic medium , cosmology: theory},
     year = 2009,
    month = apr,
   volume = 394,
    pages = {1812-1824},
      doi = {10.1111/j.1365-2966.2009.14486.x},
   adsurl = {http://adsabs.harvard.edu/abs/2009MNRAS.394.1812P},
  adsnote = {Provided by the SAO/NASA Astrophysics Data System}
}

@ARTICLE{FinlatorEtAl2012,
   author = {{Finlator}, K. and {Oh}, S.~P. and {{\"O}zel}, F. and {Dav{\'e}}, R.
	},
    title = "{Gas clumping in self-consistent reionization models}",
  journal = {MNRAS},
 keywords = {hydrodynamics, radiative transfer, methods: numerical, intergalactic medium, cosmology: theory},
     year = 2012,
    month = dec,
   volume = 427,
    pages = {2464-2479},
      doi = {10.1111/j.1365-2966.2012.22114.x},
   adsurl = {http://adsabs.harvard.edu/abs/2012MNRAS.427.2464F},
  adsnote = {Provided by the SAO/NASA Astrophysics Data System}
}

@ARTICLE{ShullEtAl2012,
   author = {{Shull}, J.~M. and {Harness}, A. and {Trenti}, M. and {Smith}, B.~D.
	},
    title = "{Critical Star Formation Rates for Reionization: Full Reionization Occurs at Redshift z {\ap} 7}",
  journal = {ApJ},
 keywords = {dark ages, reionization, first stars, galaxies: high-redshift, intergalactic medium},
     year = 2012,
    month = mar,
   volume = 747,
      eid = {100},
    pages = {100},
      doi = {10.1088/0004-637X/747/2/100},
   adsurl = {http://adsabs.harvard.edu/abs/2012ApJ...747..100S},
  adsnote = {Provided by the SAO/NASA Astrophysics Data System}
}

@ARTICLE{HaardtMadau2012,
   author = {{Haardt}, F. and {Madau}, P.},
    title = "{Radiative Transfer in a Clumpy Universe. IV. New Synthesis Models of the Cosmic UV/X-Ray Background}",
  journal = {ApJ},
archivePrefix = "arXiv",
   eprint = {1105.2039},
 primaryClass = "astro-ph.CO",
 keywords = {cosmology: theory, diffuse radiation, intergalactic medium, galaxies: evolution, quasars: general},
     year = 2012,
    month = feb,
   volume = 746,
      eid = {125},
    pages = {125},
      doi = {10.1088/0004-637X/746/2/125},
   adsurl = {http://adsabs.harvard.edu/abs/2012ApJ...746..125H},
  adsnote = {Provided by the SAO/NASA Astrophysics Data System}
}

@ARTICLE{HuiGnedin1997,
   author = {{Hui}, L. and {Gnedin}, N.~Y.},
    title = "{Equation of state of the photoionized intergalactic medium}",
  journal = {MNRAS},
   eprint = {arXiv:astro-ph/9612232},
 keywords = {EQUATIONS OF STATE, INTERGALACTIC MEDIA, PHOTOIONIZATION, ABSORPTION SPECTRA, QUASARS},
     year = 1997,
    month = nov,
   volume = 292,
    pages = {27},
   adsurl = {http://adsabs.harvard.edu/abs/1997MNRAS.292...27H},
  adsnote = {Provided by the SAO/NASA Astrophysics Data System}
}

@ARTICLE{NormanEtAl2004,
   author = {{Norman}, M.~L. and {O'Shea}, B.~W. and {Paschos}, P.},
    title = "{Did Massive Primordial Stars Preenrich the Ly{$\alpha$} Forest?}",
  journal = {ApJL},
   eprint = {arXiv:astro-ph/0310758},
 keywords = {Cosmology: Theory, Galaxies: Formation, Galaxies: Intergalactic Medium},
     year = 2004,
    month = feb,
   volume = 601,
    pages = {L115-L118},
      doi = {10.1086/382045},
   adsurl = {http://adsabs.harvard.edu/abs/2004ApJ...601L.115N},
  adsnote = {Provided by the SAO/NASA Astrophysics Data System}
}

@ARTICLE{TurkEtAl2011,
   author = {{Turk}, M.~J. and {Smith}, B.~D. and {Oishi}, J.~S. and {Skory}, S. and
     {Skillman}, S.~W. and {Abel}, T. and {Norman}, M.~L.},
    title = "{yt: A Multi-code Analysis Toolkit for Astrophysical Simulation Data}",
  journal = {ApJS},
archivePrefix = "arXiv",
   eprint = {1011.3514},
 primaryClass = "astro-ph.IM",
 keywords = {cosmology: theory, methods: data analysis, methods: numerical },
     year = 2011,
    month = jan,
   volume = 192,
    pages = {9-+},
      doi = {10.1088/0067-0049/192/1/9},
   adsurl = {http://adsabs.harvard.edu/abs/2011ApJS..192....9T},
  adsnote = {Provided by the SAO/NASA Astrophysics Data System}
}

@ARTICLE{ShinEtAl2008,
   author = {{Shin}, M.-S. and {Trac}, H. and {Cen}, R.},
    title = "{Cosmological H II Bubble Growth during Reionization}",
  journal = {\apj},
archivePrefix = "arXiv",
   eprint = {0708.2425},
 keywords = {Cosmology: Theory, Cosmology: Early Universe, Galaxies: Intergalactic Medium, Cosmology: Large-Scale Structure of Universe, Methods: Numerical, Radiative Transfer},
     year = 2008,
    month = jul,
   volume = 681,
    pages = {756-770},
      doi = {10.1086/588247},
   adsurl = {http://adsabs.harvard.edu/abs/2008ApJ...681..756S},
  adsnote = {Provided by the SAO/NASA Astrophysics Data System}
}

@ARTICLE{SokasianEtAl2003,
   author = {{Sokasian}, A. and {Abel}, T. and {Hernquist}, L. and {Springel}, V.
	},
    title = "{Cosmic reionization by stellar sources: Population II stars}",
  journal = {\mnras},
   eprint = {arXiv:astro-ph/0303098},
 keywords = {radiative transfer, intergalactic medium, quasars: general, diffuse radiation.},
     year = 2003,
    month = sep,
   volume = 344,
    pages = {607-624},
      doi = {10.1046/j.1365-8711.2003.06847.x},
   adsurl = {http://adsabs.harvard.edu/abs/2003MNRAS.344..607S},
  adsnote = {Provided by the SAO/NASA Astrophysics Data System}
}

@ARTICLE{FurlanettoEtAl2004,
   author = {{Furlanetto}, S.~R. and {Zaldarriaga}, M. and {Hernquist}, L.
	},
    title = "{The Growth of H II Regions During Reionization}",
  journal = {\apj},
   eprint = {astro-ph/0403697},
 keywords = {Cosmology: Theory, Cosmology: Diffuse Radiation, ISM: H II Regions, Galaxies: Intergalactic Medium},
     year = 2004,
    month = sep,
   volume = 613,
    pages = {1-15},
      doi = {10.1086/423025},
   adsurl = {http://adsabs.harvard.edu/abs/2004ApJ...613....1F},
  adsnote = {Provided by the SAO/NASA Astrophysics Data System}
}


@ARTICLE{FinlatorEtAl2009,
   author = {{Finlator}, K. and {{\"O}zel}, F. and {Dav{\'e}}, R. and {Oppenheimer}, B.~D.
	},
    title = "{The late reionization of filaments}",
  journal = {\mnras},
archivePrefix = "arXiv",
   eprint = {0908.1576},
 primaryClass = "astro-ph.CO",
 keywords = {radiative transfer , intergalactic medium , cosmology: theory , diffuse radiation , early Universe},
     year = 2009,
    month = dec,
   volume = 400,
    pages = {1049-1061},
      doi = {10.1111/j.1365-2966.2009.15521.x},
   adsurl = {http://adsabs.harvard.edu/abs/2009MNRAS.400.1049F},
  adsnote = {Provided by the SAO/NASA Astrophysics Data System}
}

@ARTICLE{Gnedin2000,
   author = {{Gnedin}, N.~Y.},
    title = "{Cosmological Reionization by Stellar Sources}",
  journal = {\apj},
   eprint = {arXiv:astro-ph/9909383},
 keywords = {Cosmology: Theory, Galaxies: Formation, Galaxies: Intergalactic Medium, Cosmology: Large-Scale Structure of Universe},
     year = 2000,
    month = jun,
   volume = 535,
    pages = {530-554},
      doi = {10.1086/308876},
   adsurl = {http://adsabs.harvard.edu/abs/2000ApJ...535..530G},
  adsnote = {Provided by the SAO/NASA Astrophysics Data System}
}

@ARTICLE{WarrenEtAl2006,
   author = {{Warren}, M.~S. and {Abazajian}, K. and {Holz}, D.~E. and {Teodoro}, L.
	},
    title = "{Precision Determination of the Mass Function of Dark Matter Halos}",
  journal = {\apj},
   eprint = {arXiv:astro-ph/0506395},
 keywords = {Cosmology: Theory, Galaxies: Halos},
     year = 2006,
    month = aug,
   volume = 646,
    pages = {881-885},
      doi = {10.1086/504962},
   adsurl = {http://adsabs.harvard.edu/abs/2006ApJ...646..881W},
  adsnote = {Provided by the SAO/NASA Astrophysics Data System}
}

@ARTICLE{BouwensEtAl2007,
   author = {{Bouwens}, R.~J. and {Illingworth}, G.~D. and {Franx}, M. and 
	{Ford}, H.},
    title = "{UV Luminosity Functions at z\~{}4, 5, and 6 from the Hubble Ultra Deep Field and Other Deep Hubble Space Telescope ACS Fields: Evolution and Star Formation History}",
  journal = {\apj},
archivePrefix = "arXiv",
   eprint = {0707.2080},
 keywords = {Galaxies: Evolution, Galaxies: High-Redshift},
     year = 2007,
    month = dec,
   volume = 670,
    pages = {928-958},
      doi = {10.1086/521811},
   adsurl = {http://adsabs.harvard.edu/abs/2007ApJ...670..928B},
  adsnote = {Provided by the SAO/NASA Astrophysics Data System}
}

@ARTICLE{GunnPeterson1965,
   author = {{Gunn}, J.~E. and {Peterson}, B.~A.},
    title = "{On the Density of Neutral Hydrogen in Intergalactic Space.}",
  journal = {\apj},
     year = 1965,
    month = nov,
   volume = 142,
    pages = {1633-1641},
      doi = {10.1086/148444},
   adsurl = {http://adsabs.harvard.edu/abs/1965ApJ...142.1633G},
  adsnote = {Provided by the SAO/NASA Astrophysics Data System}
}

@ARTICLE{MellemaEtAl2006,
   author = {{Mellema}, G. and {Iliev}, I.~T. and {Pen}, U.-L. and {Shapiro}, P.~R.
	},
    title = "{Simulating cosmic reionization at large scales - II. The 21-cm emission features and statistical signals}",
  journal = {\mnras},
   eprint = {arXiv:astro-ph/0603518},
 keywords = {galaxies: formation, intergalactic medium, cosmology: theory, diffuse radiation, large-scale structure of Universe, radio lines: galaxies},
     year = 2006,
    month = oct,
   volume = 372,
    pages = {679-692},
      doi = {10.1111/j.1365-2966.2006.10919.x},
   adsurl = {http://adsabs.harvard.edu/abs/2006MNRAS.372..679M},
  adsnote = {Provided by the SAO/NASA Astrophysics Data System}
}

@ARTICLE{SpringelEtAl2001,
   author = {{Springel}, V. and {White}, S.~D.~M. and {Tormen}, G. and {Kauffmann}, G.
	},
    title = "{Populating a cluster of galaxies - I. Results at [formmu2]z=0}",
  journal = {\mnras},
   eprint = {arXiv:astro-ph/0012055},
 keywords = {GALAXIES: CLUSTERS: GENERAL, GALAXIES: FORMATION, DARK MATTER},
     year = 2001,
    month = dec,
   volume = 328,
    pages = {726-750},
      doi = {10.1046/j.1365-8711.2001.04912.x},
   adsurl = {http://adsabs.harvard.edu/abs/2001MNRAS.328..726S},
  adsnote = {Provided by the SAO/NASA Astrophysics Data System}
}

@ARTICLE{CiardiEtAl2001,
   author = {{Ciardi}, B. and {Ferrara}, A. and {Marri}, S. and {Raimondo}, G.
	},
    title = "{Cosmological reionization around the first stars: Monte Carlo radiative transfer}",
  journal = {\mnras},
   eprint = {arXiv:astro-ph/0005181},
 keywords = {RADIATIVE TRANSFER, GALAXIES: FORMATION, INTERGALACTIC MEDIUM, COSMOLOGY: THEORY},
     year = 2001,
    month = jun,
   volume = 324,
    pages = {381-388},
      doi = {10.1046/j.1365-8711.2001.04316.x},
   adsurl = {http://adsabs.harvard.edu/abs/2001MNRAS.324..381C},
  adsnote = {Provided by the SAO/NASA Astrophysics Data System}
}

@Book{OsterbrockFerland2006,
   author = {{Osterbrock}, D.~E. and {Ferland}, G.~J.},
    title = "{Astrophysics of Gaseous Nebulae and Active Galactic Nuclei}",
publisher = {University Science Books},
     year = {2006},
    pages = {38},
  edition = {Second}
}

@ARTICLE{PritchardLoeb2012,
   author = {{Pritchard}, J.~R. and {Loeb}, A.},
    title = "{21 cm cosmology in the 21st century}",
  journal = {Reports on Progress in Physics},
archivePrefix = "arXiv",
   eprint = {1109.6012},
 primaryClass = "astro-ph.CO",
     year = 2012,
    month = aug,
   volume = 75,
   number = 8,
      eid = {086901},
    pages = {086901},
      doi = {10.1088/0034-4885/75/8/086901},
   adsurl = {http://adsabs.harvard.edu/abs/2012RPPh...75h6901P},
  adsnote = {Provided by the SAO/NASA Astrophysics Data System}
}

@ARTICLE{RobertsonEtAl2010,
   author = {{Robertson}, B.~E. and {Ellis}, R.~S. and {Dunlop}, J.~S. and 
	{McLure}, R.~J. and {Stark}, D.~P.},
    title = "{Early star-forming galaxies and the reionization of the Universe}",
  journal = {\nat},
archivePrefix = "arXiv",
   eprint = {1011.0727},
 primaryClass = "astro-ph.CO",
     year = 2010,
    month = nov,
   volume = 468,
    pages = {49-55},
      doi = {10.1038/nature09527},
   adsurl = {http://adsabs.harvard.edu/abs/2010Natur.468...49R},
  adsnote = {Provided by the SAO/NASA Astrophysics Data System}
}

@ARTICLE{MiraldaEscude1998,
   author = {{Miralda-Escude}, J.},
    title = "{Reionization of the Intergalactic Medium and the Damping Wing of the Gunn-Peterson Trough}",
  journal = {\apj},
   eprint = {arXiv:astro-ph/9708253},
 keywords = {COSMOLOGY: THEORY, COSMOLOGY: LARGE-SCALE STRUCTURE OF UNIVERSE, GALAXIES: INTERGALACTIC MEDIUM},
     year = 1998,
    month = jul,
   volume = 501,
    pages = {15},
      doi = {10.1086/305799},
   adsurl = {http://adsabs.harvard.edu/abs/1998ApJ...501...15M},
  adsnote = {Provided by the SAO/NASA Astrophysics Data System}
}


@ARTICLE{Santos2004,
   author = {{Santos}, M.~R.},
    title = "{Probing reionization with Lyman {$\alpha$} emission lines}",
  journal = {\mnras},
   eprint = {arXiv:astro-ph/0308196},
 keywords = {line: profiles, galaxies: high-redshift, intergalactic medium, cosmology: theory, diffuse radiation},
     year = 2004,
    month = apr,
   volume = 349,
    pages = {1137-1152},
      doi = {10.1111/j.1365-2966.2004.07594.x},
   adsurl = {http://adsabs.harvard.edu/abs/2004MNRAS.349.1137S},
  adsnote = {Provided by the SAO/NASA Astrophysics Data System}
}

@ARTICLE{BoltonHaehnelt2007,
   author = {{Bolton}, J.~S. and {Haehnelt}, M.~G.},
    title = "{The observed ionization rate of the intergalactic medium and the ionizing emissivity at z {\gt}= 5: evidence for a photon-starved and extended epoch of reionization}",
  journal = {\mnras},
   eprint = {arXiv:astro-ph/0703306},
 keywords = {hydrodynamics, methods: numerical, intergalactic medium, quasars: absorption lines, diffuse radiation},
     year = 2007,
    month = nov,
   volume = 382,
    pages = {325-341},
      doi = {10.1111/j.1365-2966.2007.12372.x},
   adsurl = {http://adsabs.harvard.edu/abs/2007MNRAS.382..325B},
  adsnote = {Provided by the SAO/NASA Astrophysics Data System}
}

@ARTICLE{PlackCollaboration2013,
   author = {{Planck Collaboration} and {Ade}, P.~A.~R. and {Aghanim}, N. and 
	{Armitage-Caplan}, C. and {Arnaud}, M. and {Ashdown}, M. and 
	{Atrio-Barandela}, F. and {Aumont}, J. and {Baccigalupi}, C. and 
	{Banday}, A.~J. and et al.},
    title = "{Planck 2013 results. I. Overview of products and scientific results}",
  journal = {ArXiv e-prints},
archivePrefix = "arXiv",
   eprint = {1303.5062},
 primaryClass = "astro-ph.CO",
 keywords = {Astrophysics - Cosmology and Extragalactic Astrophysics},
     year = 2013,
    month = mar,
   adsurl = {http://adsabs.harvard.edu/abs/2013arXiv1303.5062P},
  adsnote = {Provided by the SAO/NASA Astrophysics Data System}
}

@ARTICLE{BouwensEtAl2012,
   author = {{Bouwens}, R.~J. and {Illingworth}, G.~D. and {Oesch}, P.~A. and 
	{Trenti}, M. and {Labb{\'e}}, I. and {Franx}, M. and {Stiavelli}, M. and 
	{Carollo}, C.~M. and {van Dokkum}, P. and {Magee}, D.},
    title = "{Lower-luminosity Galaxies Could Reionize the Universe: Very Steep Faint-end Slopes to the UV Luminosity Functions at z {\gt}= 5-8 from the HUDF09 WFC3/IR Observations}",
  journal = {\apjl},
archivePrefix = "arXiv",
   eprint = {1105.2038},
 primaryClass = "astro-ph.CO",
 keywords = {galaxies: evolution, galaxies: high-redshift},
     year = 2012,
    month = jun,
   volume = 752,
      eid = {L5},
    pages = {L5},
      doi = {10.1088/2041-8205/752/1/L5},
   adsurl = {http://adsabs.harvard.edu/abs/2012ApJ...752L...5B},
  adsnote = {Provided by the SAO/NASA Astrophysics Data System}
}

@ARTICLE{BouwensEtAl2011b,
   author = {{Bouwens}, R.~J. and {Illingworth}, G.~D. and {Oesch}, P.~A. and 
	{Labb{\'e}}, I. and {Trenti}, M. and {van Dokkum}, P. and {Franx}, M. and 
	{Stiavelli}, M. and {Carollo}, C.~M. and {Magee}, D. and {Gonzalez}, V.
	},
    title = "{Ultraviolet Luminosity Functions from 132 z \~{} 7 and z \~{} 8 Lyman-break Galaxies in the Ultra-deep HUDF09 and Wide-area Early Release Science WFC3/IR Observations}",
  journal = {\apj},
archivePrefix = "arXiv",
   eprint = {1006.4360},
 primaryClass = "astro-ph.CO",
 keywords = {galaxies: evolution, galaxies: high-redshift},
     year = 2011,
    month = aug,
   volume = 737,
      eid = {90},
    pages = {90},
      doi = {10.1088/0004-637X/737/2/90},
   adsurl = {http://adsabs.harvard.edu/abs/2011ApJ...737...90B},
  adsnote = {Provided by the SAO/NASA Astrophysics Data System}
}

@ARTICLE{OeschEtAl2013,
   author = {{Oesch}, P.~A. and {Bouwens}, R.~J. and {Illingworth}, G.~D. and 
	{Labbe}, I. and {Franx}, M. and {van Dokkum}, P.~G. and {Trenti}, M. and 
	{Stiavelli}, M. and {Gonzalez}, V. and {Magee}, D.},
    title = "{Probing the Dawn of Galaxies at z\~{}9-12: New Constraints from HUDF12/XDF and CANDELS Data}",
  journal = {ArXiv e-prints},
archivePrefix = "arXiv",
   eprint = {1301.6162},
 primaryClass = "astro-ph.CO",
 keywords = {Astrophysics - Cosmology and Extragalactic Astrophysics},
     year = 2013,
    month = jan,
   adsurl = {http://adsabs.harvard.edu/abs/2013arXiv1301.6162O},
  adsnote = {Provided by the SAO/NASA Astrophysics Data System}
}

@ARTICLE{Planck2013,
   author = {{Planck Collaboration} and {Ade}, P.~A.~R. and {Aghanim}, N. and 
	{Armitage-Caplan}, C. and {Arnaud}, M. and {Ashdown}, M. and 
	{Atrio-Barandela}, F. and {Aumont}, J. and {Baccigalupi}, C. and 
	{Banday}, A.~J. and et al.},
    title = "{Planck 2013 results. XVI. Cosmological parameters}",
  journal = {ArXiv e-prints},
archivePrefix = "arXiv",
   eprint = {1303.5076},
 primaryClass = "astro-ph.CO",
 keywords = {Astrophysics - Cosmology and Extragalactic Astrophysics},
     year = 2013,
    month = mar,
   adsurl = {http://adsabs.harvard.edu/abs/2013arXiv1303.5076P},
  adsnote = {Provided by the SAO/NASA Astrophysics Data System}
}

@ARTICLE{SkoryEtAl2010,
   author = {{Skory}, S. and {Turk}, M.~J. and {Norman}, M.~L. and {Coil}, A.~L.
	},
    title = "{Parallel HOP: A Scalable Halo Finder for Massive Cosmological Data Sets}",
  journal = {\apjs},
archivePrefix = "arXiv",
   eprint = {1001.3411},
 primaryClass = "astro-ph.CO",
 keywords = {galaxies: halos, methods: data analysis, methods: numerical},
     year = 2010,
    month = nov,
   volume = 191,
    pages = {43-57},
      doi = {10.1088/0067-0049/191/1/43},
   adsurl = {http://adsabs.harvard.edu/abs/2010ApJS..191...43S},
  adsnote = {Provided by the SAO/NASA Astrophysics Data System}
}

@ARTICLE{TrentiEtAl2010,
   author = {{Trenti}, M. and {Smith}, B.~D. and {Hallman}, E.~J. and {Skillman}, S.~W. and 
	{Shull}, J.~M.},
    title = "{How Well do Cosmological Simulations Reproduce Individual Halo Properties?}",
  journal = {\apj},
archivePrefix = "arXiv",
   eprint = {1001.5037},
 primaryClass = "astro-ph.CO",
 keywords = {galaxies: formation, methods: numerical},
     year = 2010,
    month = mar,
   volume = 711,
    pages = {1198-1207},
      doi = {10.1088/0004-637X/711/2/1198},
   adsurl = {http://adsabs.harvard.edu/abs/2010ApJ...711.1198T},
  adsnote = {Provided by the SAO/NASA Astrophysics Data System}
}

@ARTICLE{AhnEtAl2012,
   author = {{Ahn}, K. and {Iliev}, I.~T. and {Shapiro}, P.~R. and {Mellema}, G. and 
	{Koda}, J. and {Mao}, Y.},
    title = "{Detecting the Rise and Fall of the First Stars by Their Impact on Cosmic Reionization}",
  journal = {\apjl},
archivePrefix = "arXiv",
   eprint = {1206.5007},
 primaryClass = "astro-ph.CO",
 keywords = {cosmology: theory, galaxies: high-redshift, radiative transfer},
     year = 2012,
    month = sep,
   volume = 756,
      eid = {L16},
    pages = {L16},
      doi = {10.1088/2041-8205/756/1/L16},
   adsurl = {http://adsabs.harvard.edu/abs/2012ApJ...756L..16A},
  adsnote = {Provided by the SAO/NASA Astrophysics Data System}
}

@ARTICLE{NormanEtAl2013,
   author = {{Norman}, M.~L. and {Reynolds}, D.~R. and {So}, G.~C. and {Harkness}, R.~P.
	},
    title = "{Direct Numerical Simulation of Reionization in Large Cosmological Volumes I: Numerical Methods and Tests}",
  journal = {ArXiv e-prints},
archivePrefix = "arXiv",
   eprint = {1306.0645},
 primaryClass = "astro-ph.IM",
 keywords = {Astrophysics - Instrumentation and Methods for Astrophysics, Astrophysics - Cosmology and Extragalactic Astrophysics},
     year = 2013,
    month = jun,
   adsurl = {http://adsabs.harvard.edu/abs/2013arXiv1306.0645N},
  adsnote = {Provided by the SAO/NASA Astrophysics Data System}
}

@ARTICLE{TheEnzoCollaboration,
   author = {{The Enzo Collaboration} and {Bryan}, G.~L. and {Norman}, M.~L. and 
	{O'Shea}, B.~W. and {Abel}, T. and {Wise}, J.~H. and {Turk}, M.~J. and 
	{Reynolds}, D.~R. and {Collins}, D.~C. and {Wang}, P. and {Skillman}, S.~W. and 
	{Smith}, B. and {Harkness}, R.~P. and {Bordner}, J. and {Kim}, J.-h. and 
	{Kuhlen}, M. and {Xu}, H. and {Goldbaum}, N. and {Hummels}, C. and 
	{Kritsuk}, A.~G. and {Tasker}, E. and {Skory}, S. and {Simpson}, C.~M. and 
	{Hahn}, O. and {Oishi}, J.~S. and {So}, G.~C and {Zhao}, F. and 
	{Cen}, R. and {Li}, Y.},
    title = "{Enzo: An Adaptive Mesh Refinement Code for Astrophysics}",
  journal = {ArXiv e-prints},
archivePrefix = "arXiv",
   eprint = {1307.2265},
 primaryClass = "astro-ph.IM",
 keywords = {Astrophysics - Instrumentation and Methods for Astrophysics},
     year = 2013,
    month = jul,
   adsurl = {http://adsabs.harvard.edu/abs/2013arXiv1307.2265T},
  adsnote = {Provided by the SAO/NASA Astrophysics Data System}
}

@ARTICLE{AbelHaehnelt1999,
   author = {{Abel}, T. and {Haehnelt}, M.~G.},
    title = "{Radiative Transfer Effects during Photoheating of the Intergalactic Medium}",
  journal = {\apjl},
   eprint = {arXiv:astro-ph/9903102},
 keywords = {COSMOLOGY: THEORY, GALAXIES: FORMATION, GALAXIES: QUASARS: ABSORPTION LINES},
     year = 1999,
    month = jul,
   volume = 520,
    pages = {L13-L16},
      doi = {10.1086/312136},
   adsurl = {http://adsabs.harvard.edu/abs/1999ApJ...520L..13A},
  adsnote = {Provided by the SAO/NASA Astrophysics Data System}
}

@ARTICLE{ShapiroEtAl1994,
   author = {{Shapiro}, P.~R. and {Giroux}, M.~L. and {Babul}, A.},
    title = "{Reionization in a cold dark matter universe: The feedback of galaxy formation on the intergalactic medium}",
  journal = {\apj},
 keywords = {APPLICATIONS OF MATHEMATICS, BIG BANG COSMOLOGY, DARK MATTER, GALAXIES, INTERGALACTIC MEDIA, MATHEMATICAL MODELS, NUCLEAR FUSION, PERTURBATION, QUASARS, RED SHIFT, STAR FORMATION, STELLAR MODELS, ABSORPTION SPECTRA, CHEMICAL EVOLUTION, EMISSIVITY, IONIZING RADIATION, LINE OF SIGHT, METALLICITY, OPTICAL PROPERTIES, RADIATIVE HEAT TRANSFER, THERMODYNAMICS},
     year = 1994,
    month = may,
   volume = 427,
    pages = {25-50},
      doi = {10.1086/174120},
   adsurl = {http://adsabs.harvard.edu/abs/1994ApJ...427...25S},
  adsnote = {Provided by the SAO/NASA Astrophysics Data System}
}

@ARTICLE{ShapiroEtAl2004,
   author = {{Shapiro}, P.~R. and {Iliev}, I.~T. and {Raga}, A.~C.},
    title = "{Photoevaporation of cosmological minihaloes during reionization}",
  journal = {\mnras},
   eprint = {arXiv:astro-ph/0307266},
 keywords = {hydrodynamics, radiative transfer, galaxies: haloes, galaxies: high-redshift, intergalactic medium, cosmology: theory},
     year = 2004,
    month = mar,
   volume = 348,
    pages = {753-782},
      doi = {10.1111/j.1365-2966.2004.07364.x},
   adsurl = {http://adsabs.harvard.edu/abs/2004MNRAS.348..753S},
  adsnote = {Provided by the SAO/NASA Astrophysics Data System}
}

@ARTICLE{BryanEtAl1999,
   author = {{Bryan}, G.~L. and {Machacek}, M. and {Anninos}, P. and {Norman}, M.~L.
	},
    title = "{Resolving the LYalpha Forest}",
  journal = {\apj},
   eprint = {arXiv:astro-ph/9805340},
 keywords = {COSMOLOGY: THEORY, GALAXIES: INTERGALACTIC MEDIUM, LINE: PROFILES, GALAXIES: QUASARS: ABSORPTION LINES},
     year = 1999,
    month = may,
   volume = 517,
    pages = {13-30},
      doi = {10.1086/307173},
   adsurl = {http://adsabs.harvard.edu/abs/1999ApJ...517...13B},
  adsnote = {Provided by the SAO/NASA Astrophysics Data System}
}

@ARTICLE{TracEtAl2008,
   author = {{Trac}, H. and {Cen}, R. and {Loeb}, A.},
    title = "{Imprint of Inhomogeneous Hydrogen Reionization on the Temperature Distribution of the Intergalactic Medium}",
  journal = {\apjl},
archivePrefix = "arXiv",
   eprint = {0807.4530},
 keywords = {Cosmology: Theory, Hydrodynamics, Galaxies: Intergalactic Medium, Cosmology: Large-Scale Structure of Universe, Methods: Numerical, Radiative Transfer},
     year = 2008,
    month = dec,
   volume = 689,
    pages = {L81-L84},
      doi = {10.1086/595678},
   adsurl = {http://adsabs.harvard.edu/abs/2008ApJ...689L..81T},
  adsnote = {Provided by the SAO/NASA Astrophysics Data System}
}

@ARTICLE{BryanEtAl1995,
   author = {{Bryan}, G.~L. and {Norman}, M.~L. and {Stone}, J.~M. and {Cen}, R. and 
	{Ostriker}, J.~P.},
    title = "{A piecewise parabolic method for cosmological hydrodynamics}",
  journal = {Computer Physics Communications},
     year = 1995,
    month = aug,
   volume = 89,
    pages = {149-168},
      doi = {10.1016/0010-4655(94)00191-4},
   adsurl = {http://adsabs.harvard.edu/abs/1995CoPhC..89..149B},
  adsnote = {Provided by the SAO/NASA Astrophysics Data System}
}

@ARTICLE{CenOstriker1992,
   author = {{Cen}, R. and {Ostriker}, J.~P.},
    title = "{Galaxy formation and physical bias}",
  journal = {\apjl},
 keywords = {BIAS, COSMOLOGY, DARK MATTER, GALACTIC EVOLUTION, UNIVERSE, COMPUTATIONAL ASTROPHYSICS, COMPUTERIZED SIMULATION, CORRELATION COEFFICIENTS},
     year = 1992,
    month = nov,
   volume = 399,
    pages = {L113-L116},
      doi = {10.1086/186620},
   adsurl = {http://adsabs.harvard.edu/abs/1992ApJ...399L.113C},
  adsnote = {Provided by the SAO/NASA Astrophysics Data System}
}


@ARTICLE{EisensteinHu1999,
   author = {{Eisenstein}, D.~J. and {Hu}, W.},
    title = "{Power Spectra for Cold Dark Matter and Its Variants}",
  journal = {\apj},
   eprint = {arXiv:astro-ph/9710252},
 keywords = {COSMOLOGY: THEORY, COSMOLOGY: DARK MATTER, COSMOLOGY: LARGE-SCALE STRUCTURE OF UNIVERSE},
     year = 1999,
    month = jan,
   volume = 511,
    pages = {5-15},
      doi = {10.1086/306640},
   adsurl = {http://adsabs.harvard.edu/abs/1999ApJ...511....5E},
  adsnote = {Provided by the SAO/NASA Astrophysics Data System}
}

@ARTICLE{SmithEtAl2011,
   author = {{Smith}, B.~D. and {Hallman}, E.~J. and {Shull}, J.~M. and {O'Shea}, B.~W.
	},
    title = "{The Nature of the Warm/Hot Intergalactic Medium. I. Numerical Methods, Convergence, and O VI Absorption}",
  journal = {\apj},
archivePrefix = "arXiv",
   eprint = {1009.0261},
 primaryClass = "astro-ph.CO",
 keywords = {cosmology: observations, intergalactic medium, quasars: absorption lines},
     year = 2011,
    month = apr,
   volume = 731,
      eid = {6},
    pages = {6},
      doi = {10.1088/0004-637X/731/1/6},
   adsurl = {http://adsabs.harvard.edu/abs/2011ApJ...731....6S},
  adsnote = {Provided by the SAO/NASA Astrophysics Data System}
}

@ARTICLE{ReynoldsEtAl2009,
   author = {{Reynolds}, D.~R. and {Hayes}, J.~C. and {Paschos}, P. and {Norman}, M.~L.
	},
    title = "{Self-consistent solution of cosmological radiation-hydrodynamics and chemical ionization}",
  journal = {Journal of Computational Physics},
archivePrefix = "arXiv",
   eprint = {0901.1110},
 primaryClass = "astro-ph.CO",
 keywords = {Origin and formation of the Universe, Numerical simulation; solution of equations, Ordinary and partial differential equations; boundary value problems},
     year = 2009,
    month = oct,
   volume = 228,
    pages = {6833-6854},
      doi = {10.1016/j.jcp.2009.06.006},
   adsurl = {http://adsabs.harvard.edu/abs/2009JCoPh.228.6833R},
  adsnote = {Provided by the SAO/NASA Astrophysics Data System}
}

@ARTICLE{Gnedin2000b,
   author = {{Gnedin}, N.~Y.},
    title = "{Effect of Reionization on Structure Formation in the Universe}",
  journal = {\apj},
   eprint = {arXiv:astro-ph/0002151},
 keywords = {Cosmology: Theory, Galaxies: Formation, Galaxies: Intergalactic Medium, Cosmology: Large-Scale Structure of Universe},
     year = 2000,
    month = oct,
   volume = 542,
    pages = {535-541},
      doi = {10.1086/317042},
   adsurl = {http://adsabs.harvard.edu/abs/2000ApJ...542..535G},
  adsnote = {Provided by the SAO/NASA Astrophysics Data System}
}

@ARTICLE{WiseCen2009,
   author = {{Wise}, J.~H. and {Cen}, R.},
    title = "{Ionizing Photon Escape Fractions From High-Redshift Dwarf Galaxies}",
  journal = {\apj},
archivePrefix = "arXiv",
   eprint = {0808.2477},
 keywords = {cosmology: theory, galaxies: dwarf, galaxies: formation, galaxies: high-redshift, radiative transfer},
     year = 2009,
    month = mar,
   volume = 693,
    pages = {984-999},
      doi = {10.1088/0004-637X/693/1/984},
   adsurl = {http://adsabs.harvard.edu/abs/2009ApJ...693..984W},
  adsnote = {Provided by the SAO/NASA Astrophysics Data System}
}

@ARTICLE{LabbeEtAl2010,
   author = {{Labb{\'e}}, I. and {Gonz{\'a}lez}, V. and {Bouwens}, R.~J. and 
	{Illingworth}, G.~D. and {Oesch}, P.~A. and {van Dokkum}, P.~G. and 
	{Carollo}, C.~M. and {Franx}, M. and {Stiavelli}, M. and {Trenti}, M. and 
	{Magee}, D. and {Kriek}, M.},
    title = "{Ultradeep Infrared Array Camera Observations of Sub-L* z \~{} 7 and z \~{} 8 Galaxies in the Hubble Ultra Deep Field: the Contribution of Low-Luminosity Galaxies to the Stellar Mass Density and Reionization}",
  journal = {\apjl},
archivePrefix = "arXiv",
   eprint = {0910.0838},
 primaryClass = "astro-ph.CO",
 keywords = {galaxies: evolution, galaxies: high-redshift},
     year = 2010,
    month = jan,
   volume = 708,
    pages = {L26-L31},
      doi = {10.1088/2041-8205/708/1/L26},
   adsurl = {http://adsabs.harvard.edu/abs/2010ApJ...708L..26L},
  adsnote = {Provided by the SAO/NASA Astrophysics Data System}
}

@ARTICLE{WyitheEtAl2010,
   author = {{Wyithe}, J.~S.~B. and {Hopkins}, A.~M. and {Kistler}, M.~D. and 
	{Y{\"u}ksel}, H. and {Beacom}, J.~F.},
    title = "{Determining the escape fraction of ionizing photons during reionization with the GRB-derived star formation rate}",
  journal = {\mnras},
archivePrefix = "arXiv",
   eprint = {0908.0193},
 primaryClass = "astro-ph.CO",
 keywords = {galaxies: high-redshift, intergalactic medium, diffuse radiation, cosmology: theory, large scale structure of Universe},
     year = 2010,
    month = feb,
   volume = 401,
    pages = {2561-2571},
      doi = {10.1111/j.1365-2966.2009.15834.x},
   adsurl = {http://adsabs.harvard.edu/abs/2010MNRAS.401.2561W},
  adsnote = {Provided by the SAO/NASA Astrophysics Data System}
}

@ARTICLE{YajimaEtAl2011,
   author = {{Yajima}, H. and {Choi}, J.-H. and {Nagamine}, K.},
    title = "{Escape fraction of ionizing photons from high-redshift galaxies in cosmological SPH simulations}",
  journal = {\mnras},
archivePrefix = "arXiv",
   eprint = {1002.3346},
 primaryClass = "astro-ph.CO",
 keywords = {radiative transfer, methods: numerical, dust, extinction, galaxies: evolution, galaxies: formation, galaxies: high-redshift},
     year = 2011,
    month = mar,
   volume = 412,
    pages = {411-422},
      doi = {10.1111/j.1365-2966.2010.17920.x},
   adsurl = {http://adsabs.harvard.edu/abs/2011MNRAS.412..411Y},
  adsnote = {Provided by the SAO/NASA Astrophysics Data System}
}

@ARTICLE{MitraEtAl2013,
   author = {{Mitra}, S. and {Ferrara}, A. and {Choudhury}, T.~R.},
    title = "{The escape fraction of ionizing photons from high-redshift galaxies from data-constrained reionization models}",
  journal = {\mnras},
archivePrefix = "arXiv",
   eprint = {1207.3803},
 primaryClass = "astro-ph.CO",
 keywords = {intergalactic medium, cosmology: theory, dark ages, reionization, first stars, large-scale structure of Universe},
     year = 2013,
    month = jan,
   volume = 428,
    pages = {L1-L5},
      doi = {10.1093/mnrasl/sls001},
   adsurl = {http://adsabs.harvard.edu/abs/2013MNRAS.428L...1M},
  adsnote = {Provided by the SAO/NASA Astrophysics Data System}
}

@ARTICLE{CowieEtAl2009,
   author = {{Cowie}, L.~L. and {Barger}, A.~J. and {Trouille}, L.},
    title = "{Measuring the Sources of the Intergalactic Ionizing Flux}",
  journal = {\apj},
archivePrefix = "arXiv",
   eprint = {0811.1042},
 keywords = {cosmology: observations, diffuse radiation, galaxies: active, intergalactic medium},
     year = 2009,
    month = feb,
   volume = 692,
    pages = {1476-1488},
      doi = {10.1088/0004-637X/692/2/1476},
   adsurl = {http://adsabs.harvard.edu/abs/2009ApJ...692.1476C},
  adsnote = {Provided by the SAO/NASA Astrophysics Data System}
}

@ARTICLE{WillotEtAl2010,
   author = {{Willott}, C.~J. and {Delorme}, P. and {Reyl{\'e}}, C. and {Albert}, L. and 
	{Bergeron}, J. and {Crampton}, D. and {Delfosse}, X. and {Forveille}, T. and 
	{Hutchings}, J.~B. and {McLure}, R.~J. and {Omont}, A. and {Schade}, D.
	},
    title = "{The Canada-France High-z Quasar Survey: Nine New Quasars and the Luminosity Function at Redshift 6}",
  journal = {\aj},
archivePrefix = "arXiv",
   eprint = {0912.0281},
 primaryClass = "astro-ph.CO",
 keywords = {cosmology: observations, quasars: emission lines, quasars: general},
     year = 2010,
    month = mar,
   volume = 139,
    pages = {906-918},
      doi = {10.1088/0004-6256/139/3/906},
   adsurl = {http://adsabs.harvard.edu/abs/2010AJ....139..906W},
  adsnote = {Provided by the SAO/NASA Astrophysics Data System}
}

@ARTICLE{RobertsonEtAl2013,
   author = {{Robertson}, B.~E. and {Furlanetto}, S.~R. and {Schneider}, E. and 
	{Charlot}, S. and {Ellis}, R.~S. and {Stark}, D.~P. and {McLure}, R.~J. and 
	{Dunlop}, J.~S. and {Koekemoer}, A. and {Schenker}, M.~A. and 
	{Ouchi}, M. and {Ono}, Y. and {Curtis-Lake}, E. and {Rogers}, A.~B. and 
	{Bowler}, R.~A.~A. and {Cirasuolo}, M.},
    title = "{New Constraints on Cosmic Reionization from the 2012 Hubble Ultra Deep Field Campaign}",
  journal = {\apj},
archivePrefix = "arXiv",
   eprint = {1301.1228},
 primaryClass = "astro-ph.CO",
 keywords = {dark ages, reionization, first stars, galaxies: evolution, galaxies: formation},
     year = 2013,
    month = may,
   volume = 768,
      eid = {71},
    pages = {71},
      doi = {10.1088/0004-637X/768/1/71},
   adsurl = {http://adsabs.harvard.edu/abs/2013ApJ...768...71R},
  adsnote = {Provided by the SAO/NASA Astrophysics Data System}
}

@ARTICLE{RazoumovEtAl2002,
   author = {{Razoumov}, A.~O. and {Norman}, M.~L. and {Abel}, T. and {Scott}, D.
	},
    title = "{Cosmological Hydrogen Reionization with Three-dimensional Radiative Transfer}",
  journal = {\apj},
   eprint = {astro-ph/0109111},
 keywords = {Galaxies: Formation, Galaxies: Intergalactic Medium, Methods: Numerical, Radiative Transfer},
     year = 2002,
    month = jun,
   volume = 572,
    pages = {695-704},
      doi = {10.1086/340451},
   adsurl = {http://adsabs.harvard.edu/abs/2002ApJ...572..695R},
  adsnote = {Provided by the SAO/NASA Astrophysics Data System}
}

@ARTICLE{FernandezShull2011,
   author = {{Fernandez}, E.~R. and {Shull}, J.~M.},
    title = "{The Effect of Galactic Properties on the Escape Fraction of Ionizing Photons}",
  journal = {\apj},
archivePrefix = "arXiv",
   eprint = {1006.3519},
 primaryClass = "astro-ph.CO",
 keywords = {cosmology: theory, galaxies: high-redshift, H II regions, ISM: structure, radiative transfer},
     year = 2011,
    month = apr,
   volume = 731,
      eid = {20},
    pages = {20},
      doi = {10.1088/0004-637X/731/1/20},
   adsurl = {http://adsabs.harvard.edu/abs/2011ApJ...731...20F},
  adsnote = {Provided by the SAO/NASA Astrophysics Data System}
}

@ARTICLE{Schaye2001,
   author = {{Schaye}, J.},
    title = "{Model-independent Insights into the Nature of the Ly{$\alpha$} Forest and the Distribution of Matter in the Universe}",
  journal = {\apj},
   eprint = {astro-ph/0104272},
 keywords = {Cosmology: Theory, Galaxies: Formation, Hydrodynamics, Galaxies: Intergalactic Medium, Galaxies: Quasars: Absorption Lines},
     year = 2001,
    month = oct,
   volume = 559,
    pages = {507-515},
      doi = {10.1086/322421},
   adsurl = {http://adsabs.harvard.edu/abs/2001ApJ...559..507S},
  adsnote = {Provided by the SAO/NASA Astrophysics Data System}
}

@ARTICLE{McQuinnEtAl2011,
   author = {{McQuinn}, M. and {Oh}, S.~P. and {Faucher-Gigu{\`e}re}, C.-A.
	},
    title = "{On Lyman-limit Systems and the Evolution of the Intergalactic Ionizing Background}",
  journal = {\apj},
archivePrefix = "arXiv",
   eprint = {1101.1964},
 primaryClass = "astro-ph.CO",
 keywords = {cosmology: theory, large-scale structure of Universe, quasars: absorption lines},
     year = 2011,
    month = dec,
   volume = 743,
      eid = {82},
    pages = {82},
      doi = {10.1088/0004-637X/743/1/82},
   adsurl = {http://adsabs.harvard.edu/abs/2011ApJ...743...82M},
  adsnote = {Provided by the SAO/NASA Astrophysics Data System}
}



