@Article{MiraldaEscudeHaehneltRees2000,
  author = 	 {J. Miralda-Escude and M. Haehnelt and M. J. Rees},
  title = 	 {Reionization of the Inhomogeneous Universe},
  journal = 	 {ApJ},
  year = 	 {2000},
}

@Article{LoebBarkana2001,
  author = 	 {A. Loeb and R. Barkana},
  title = 	 {The Reionization of the Universe by the First Stars and Quasars},
  journal = 	 {Annu. Rev. Astro. Astrophys},
  year = 	 {2001},
}

@Article{RaicevicTheuns2011,
  author = 	 {M. Raicevic and T. Theuns},
  title = 	 {Modelling recombinations during cosmological reionization},
  journal = 	 {Monthly Notices of the Royal Astronomical Society: Letters},
  year = 	 {2011},
}

@Article{PetkovaSpringel2011a,
  author = 	 {M. Petkova and V. Springel},
  title = 	 {Simulations of galaxy formation with radiative transfer: hydrogen reionization and radiative feedback},
  journal = 	 {Monthly Notices RAS},
  year = 	 {2011},
  volume =       {412}, 
  pages =        {935-946}
}

@Article{PetkovaSpringel2011b,
  author = 	 {M. Petkova and V. Springel},
  title = 	 {A novel approach for accurate radiative transfer in cosmological hydrodynamic simulations},
  journal = 	 {Monthly Notices RAS},
  year = 	 {2011},
  volume =       {415}, 
  pages =        {3731-3749}
}

@Article{FanCarilliKeating2006,
  author = 	 {{Fan}, X. and {Carilli}, C.~L. and {Keating}, B.},
  title = 	 {Observational Constraints on Cosmic Reionization},
  journal = 	 {Annu. Rev. Astro. Astrophys},
  year = 	 {2006},
}

@Article{HarknessNormanReynoldsSo2011_a,
  author = 	 {R. Harkness and M.L. Norman and D.R. Reynolds and G.~C. So},
  title = 	 {Direct Numerical Simulation of Reionization in Large Cosmological Volumes I: Numerical Methods and Tests},
  journal = 	 {(in preparation)},
  year = 	 {2011},
}

@Article{HarknessNormanReynoldsSo2011_b,
  author = 	 {R. Harkness and M.L. Norman and D.R. Reynolds and G.~C. So},
  title = 	 {Direct Numerical Simulation of Reionization in Large Cosmological Volumes II: Clumping Factor Evolution and the Photon Budget for Reionization},
  journal = 	 {(in preparation)},
  year = 	 {2011},
}

@Article{HarknessNormanReynoldsSo2011_c,
  author = 	 {R. Harkness and M.L. Norman and D.R. Reynolds and G.~C. So},
  title = 	 {Direct Numerical Simulation of Reionization in Large Cosmological Volumes III: Results from the Renaissance Simulation},
  journal = 	 {(in preparation)},
  year = 	 {2011},
}

@Article{MadauHaardtRees1999,
  author = 	 {{Madau}, P. and {Haardt}, F. and {Rees}, M.~J.},
  title = 	 {Radiative Transfer in a Clumpy Universe. {III}. 
                  The Nature of Cosmological Ionizing Sources.},
  journal = 	 {Ap. J.},
  year = 	 {1999},
  volume = 	 {514},
  pages = 	 {648-659}
}

@Article{ReynoldsHayesPaschosNorman2009,
  author = 	 {{Reynolds}, D.~R. and {Hayes}, J.~C. and {Paschos}, P. 
                  and {Norman}, M.~L.},
  title = 	 {Self-Consistent Solution of Cosmological Radiation-Hydrodynamics 
                  and Chemical Ionization},
  journal = 	 {J.~Comput.~Phys.},
  year = 	 {2009},
  volume =       {228},
  pages  =       {6833-6854},
}

@BOOK{HockneyEastwood1988,
   author = {{Hockney}, R.~W. and {Eastwood}, J.~W.},
    title = {Computer simulation using particles},
booktitle = {Bristol: Hilger, 1988},
     year = 1988,
   adsurl = {http://adsabs.harvard.edu/abs/1988csup.book.....H},
  adsnote = {Provided by the SAO/NASA Astrophysics Data System}
}

@INPROCEEDINGS{NormanBryan1999,
   author = {{Norman}, M.~L. and {Bryan}, G.~L.},
    title = {Cosmological Adaptive Mesh Refinement},
booktitle = {Numerical Astrophysics},
     year = 1999,
   series = {Astrophysics and Space Science Library},
   volume = 240,
   editor = {{Miyama}, S.~M. and {Tomisaka}, K. and {Hanawa}, T.},
    pages = {19},
   adsurl = {http://adsabs.harvard.edu/abs/1999ASSL..240...19N},
  adsnote = {Provided by the SAO/NASA Astrophysics Data System}
}

@inbook{OSheaEtAl2004,
  author = 	 {{O'Shea}, B.~W. and {Bryan}, G. and {Bordner}, J.~O. and {Norman}, M.~L.
                  and {Abel}, T.  and {Harkness}, R. and {Kritsuk}, A.},
  title = 	 {Adaptive Mesh Refinement -- Theory and Applications},
  chapter = 	 {Introducing Enzo, an {AMR} Cosmology Application},
  publisher = 	 {Springer},
  year = 	 {2004},
  series = 	 {Lecture Notes in Computational Science and Engineering}
}

@article{BryanEtAl1995,
   author    = {{Bryan}, G.~L. and {Norman}, M.~L. and {Stone}, J.~M. and {Cen}, R.  
       and {Ostriker}, J.~P.}, 
   title     = {A piecewise parabolic method for cosmological hydrodynamics},
   journal   = {Comp. Phys. Comm.},
   volume    = {89},
   pages     = {149-168},
   year      = {1995}
}

@article{AbelEtAl1997,
   author    = {{Abel}, T. and {Anninos}, P. and {Zhang}, Y. and {Norman}, M.~L.}, 
   title     = {Modeling primordial as in numerical cosmology},
   journal   = {New A.},
   volume    = {2},
   pages     = {181-207},
   year      = {1997}
}

@ARTICLE{HayesNorman2003,
   author = {{Hayes}, J.~C. and {Norman}, M.~L.},
    title = "{Beyond Flux-limited Diffusion: Parallel Algorithms for Multidimensional 
              Radiation Hydrodynamics}",
  journal = {Ap. J. Supp.},
   eprint = {arXiv:astro-ph/0207260},
 keywords = {Hydrodynamics, Methods: Numerical, Radiative Transfer},
     year = 2003,
    month = jul,
   volume = 147,
    pages = {197-220},
      doi = {10.1086/374658},
   adsurl = {http://adsabs.harvard.edu/abs/2003ApJS..147..197H},
  adsnote = {Provided by the SAO/NASA Astrophysics Data System}
}

@PhdThesis{Paschos2005,
  author     = {{Paschos}, P.},
  title      = {On the Ionization and Chemical Evolution of the 
                Intergalactic Medium},
  school     = {University of Illinois at Urbana-Champaign},
  year       = {2005},
}

@Article{Morel2000,
  author = 	 {{Morel}, J.~E.},
  title = 	 {Diffusion-limit asymptotics of the transport equation, the $p_{1/3}$ equations, and two flux-limited diffusion theories},
  journal = 	 {J.~Quant.~Spectrosc.~Radiat.~Transfer},
  year = 	 {2000},
  volume = 	 {65},
  pages = 	 {769-778},
}

@Article{RicottiEtAl2002,
  author = 	 {{Ricotti}, M. and {Gnedin}, N.~Y. and {Shull}, J.~M.},
  title = 	 {The Fate of the First Galaxies: I. Self-consistent Cosmological Simulations with Radiative Transfer},
  journal = 	 {The Astrophysical Journal},
  year = 	 {2002},
  pages =        {33-48},
  volume = 	 {575},
  number = 	 {1},
}

@Article{Cen1992,
  author = 	 {{Cen}, R.},
  title = 	 {A Hydrodynamic Approach to Cosmology: Methodology},
  journal = 	 {Ap. J. Supp.},
  year = 	 {1992},
  volume = 	 {78},
  pages = 	 {341}
}

@Article{SmithHallmanShullOShea2011,
  author = 	 {{Smith}, B.~D. and {Hallman}, E.~J. and {Shull}, M.~J. and {O'Shea}, B.~W.},
  title = 	 {THE NATURE OF THE WARM/HOT INTERGALACTIC MEDIUM. I. NUMERICAL METHODS, CONVERGENCE, AND O vi ABSORPTION},
  journal = 	 {Ap. J.},
  year = 	 {2011},
  volume = 	 {731},
  pages = 	 {6S}
}

@conference{Finlator2011,
 author    = {{Finlator}, K.},
 title     = {Recent Advances in Cosmological Hydrogen Reionization},
 booktitle = {Frank N. Bash Symposium New Horizons In Astronomy},
 year      = {2011},
 month     = {Oct}
}

@ARTICLE{Bouwensetal2011,
   author = {{Bouwens}, R.~J. and {Illingworth}, G.~D. and {Labbe}, I. and 
	{Oesch}, P.~A. and {Trenti}, M. and {Carollo}, C.~M. and {van Dokkum}, P.~G. and 
	{Franx}, M. and {Stiavelli}, M. and {Gonz{\'a}lez}, V. and {Magee}, D. and 
	{Bradley}, L.},
    title = "{A candidate redshift z\~10 galaxy and rapid changes in that population at an age of 500Myr}",
  journal = {Nature},
archivePrefix = "arXiv",
   eprint = {0912.4263},
 primaryClass = "astro-ph.CO",
     year = 2011,
    month = jan,
   volume = 469,
    pages = {504-507},
      doi = {10.1038/nature09717},
   adsurl = {http://adsabs.harvard.edu/abs/2011Natur.469..504B},
  adsnote = {Provided by the SAO/NASA Astrophysics Data System}
}

@ARTICLE{Ilievetal2006,
   author = {{Iliev}, I.~T. and {Mellema}, G. and {Pen}, U.-L. and {Merz}, H. and 
	{Shapiro}, P.~R. and {Alvarez}, M.~A.},
    title = "{Simulating cosmic reionization at large scales - I. The geometry of reionization}",
  journal = {MNRAS},
   eprint = {arXiv:astro-ph/0512187},
 keywords = {radiative transfer: methods: numerical: ISM: bubbles: HII regions: galaxies: formation: galaxies: haloes: galaxies: high-redshift: intergalactic medium: cosmology: theory, radiative transfer, methods: numerical, ISM: bubbles, HII regions, galaxies: formation, galaxies: haloes, galaxies: high-redshift, intergalactic medium, cosmology: theory},
     year = 2006,
    month = jul,
   volume = 369,
    pages = {1625-1638},
      doi = {10.1111/j.1365-2966.2006.10502.x},
   adsurl = {http://adsabs.harvard.edu/abs/2006MNRAS.369.1625I},
  adsnote = {Provided by the SAO/NASA Astrophysics Data System}
}

@ARTICLE{GnedinOstriker1997,
   author = {{Gnedin}, N.~Y. and {Ostriker}, J.~P.},
    title = "{Reionization of the Universe and the Early Production of Metals}",
  journal = {ApJ},
   eprint = {arXiv:astro-ph/9612127},
     year = 1997,
    month = sep,
   volume = 486,
    pages = {581},
      doi = {10.1086/304548},
   adsurl = {http://adsabs.harvard.edu/abs/1997ApJ...486..581G},
  adsnote = {Provided by the SAO/NASA Astrophysics Data System}
}

@ARTICLE{Zahnetal2007,
   author = {{Zahn}, O. and {Lidz}, A. and {McQuinn}, M. and {Dutta}, S. and 
	{Hernquist}, L. and {Zaldarriaga}, M. and {Furlanetto}, S.~R.},
    title = "{Simulations and Analytic Calculations of Bubble Growth during Hydrogen Reionization}",
  journal = {ApJ},
   eprint = {arXiv:astro-ph/0604177},
 keywords = {Cosmology: Theory, Galaxies: Intergalactic Medium, Cosmology: Large-Scale Structure of Universe},
     year = 2007,
    month = jan,
   volume = 654,
    pages = {12-26},
      doi = {10.1086/509597},
   adsurl = {http://adsabs.harvard.edu/abs/2007ApJ...654...12Z},
  adsnote = {Provided by the SAO/NASA Astrophysics Data System}
}

@ARTICLE{TracCen2007,
   author = {{Trac}, H. and {Cen}, R.},
    title = "{Radiative Transfer Simulations of Cosmic Reionization. I. Methodology and Initial Results}",
  journal = {ApJ},
   eprint = {arXiv:astro-ph/0612406},
 keywords = {Cosmology: Theory, Galaxies: Formation, Galaxies: Intergalactic Medium, Cosmology: Large-Scale Structure of Universe, Methods: Numerical, Radiative Transfer, Stars: Formation},
     year = 2007,
    month = dec,
   volume = 671,
    pages = {1-13},
      doi = {10.1086/522566},
   adsurl = {http://adsabs.harvard.edu/abs/2007ApJ...671....1T},
  adsnote = {Provided by the SAO/NASA Astrophysics Data System}
}

@ARTICLE{Mesellietal2003,
   author = {{Maselli}, A. and {Ferrara}, A. and {Ciardi}, B.},
    title = "{CRASH: a radiative transfer scheme}",
  journal = {MNRAS},
   eprint = {arXiv:astro-ph/0307117},
 keywords = {radiative transfer, methods: numerical , intergalactic medium , cosmology: theory},
     year = 2003,
    month = oct,
   volume = 345,
    pages = {379-394},
      doi = {10.1046/j.1365-8711.2003.06979.x},
   adsurl = {http://adsabs.harvard.edu/abs/2003MNRAS.345..379M},
  adsnote = {Provided by the SAO/NASA Astrophysics Data System}
}

@ARTICLE{Ciardietal2003,
   author = {{Ciardi}, B. and {Stoehr}, F. and {White}, S.~D.~M.},
    title = "{Simulating intergalactic medium reionization}",
  journal = {MNRAS},
   eprint = {arXiv:astro-ph/0301293},
 keywords = {galaxies: formation, intergalactic medium, cosmology: theory},
     year = 2003,
    month = aug,
   volume = 343,
    pages = {1101-1109},
      doi = {10.1046/j.1365-8711.2003.06797.x},
   adsurl = {http://adsabs.harvard.edu/abs/2003MNRAS.343.1101C},
  adsnote = {Provided by the SAO/NASA Astrophysics Data System}
}

@ARTICLE{ValageasSilk1999,
   author = {{Valageas}, P. and {Silk}, J.},
    title = "{The reheating and reionization history of the universe}",
  journal = {AAP},
   eprint = {arXiv:astro-ph/9903411},
 keywords = {COSMOLOGY: LARGE-SCALE STRUCTURE OF UNIVERSE, GALAXIES: EVOLUTION, GALAXIES: QUASARS: GENERAL, GALAXIES: INTERGALACTIC MEDIUM},
     year = 1999,
    month = jul,
   volume = 347,
    pages = {1-20},
   adsurl = {http://adsabs.harvard.edu/abs/1999A%26A...347....1V},
  adsnote = {Provided by the SAO/NASA Astrophysics Data System}
}

@ARTICLE{BarkanaLoeb2007,
   author = {{Barkana}, R. and {Loeb}, A.},
    title = "{The physics and early history of the intergalactic medium}",
  journal = {Reports on Progress in Physics},
   eprint = {arXiv:astro-ph/0611541},
     year = 2007,
    month = apr,
   volume = 70,
    pages = {627-657},
      doi = {10.1088/0034-4885/70/4/R02},
   adsurl = {http://adsabs.harvard.edu/abs/2007RPPh...70..627B},
  adsnote = {Provided by the SAO/NASA Astrophysics Data System}
}

@ARTICLE{JarosikEtal2011_WMAP7,
   author = {{Jarosik}, N. and {Bennett}, C.~L. and {Dunkley}, J. and {Gold}, B. and 
	{Greason}, M.~R. and {Halpern}, M. and {Hill}, R.~S. and {Hinshaw}, G. and 
	{Kogut}, A. and {Komatsu}, E. and {Larson}, D. and {Limon}, M. and 
	{Meyer}, S.~S. and {Nolta}, M.~R. and {Odegard}, N. and {Page}, L. and 
	{Smith}, K.~M. and {Spergel}, D.~N. and {Tucker}, G.~S. and 
	{Weiland}, J.~L. and {Wollack}, E. and {Wright}, E.~L.},
    title = "{Seven-year Wilkinson Microwave Anisotropy Probe (WMAP) Observations: Sky Maps, Systematic Errors, and Basic Results}",
  journal = {ApJS},
archivePrefix = "arXiv",
   eprint = {1001.4744},
 primaryClass = "astro-ph.CO",
 keywords = {cosmic background radiation, space vehicles: instruments},
     year = 2011,
    month = feb,
   volume = 192,
      eid = {14},
    pages = {14},
      doi = {10.1088/0067-0049/192/2/14},
   adsurl = {http://adsabs.harvard.edu/abs/2011ApJS..192...14J},
  adsnote = {Provided by the SAO/NASA Astrophysics Data System}
}

@ARTICLE{TracGnedin2011,
   author = {{Trac}, H.~Y. and {Gnedin}, N.~Y.},
    title = "{Computer Simulations of Cosmic Reionization}",
  journal = {Advanced Science Letters},
archivePrefix = "arXiv",
   eprint = {0906.4348},
 primaryClass = "astro-ph.CO",
     year = 2011,
    month = feb,
   volume = 4,
    pages = {228-243},
      doi = {10.1166/asl.2011.1214},
   adsurl = {http://adsabs.harvard.edu/abs/2011ASL.....4..228T},
  adsnote = {Provided by the SAO/NASA Astrophysics Data System}
}

@ARTICLE{PawlikEtal2009,
   author = {{Pawlik}, A.~H. and {Schaye}, J. and {van Scherpenzeel}, E.},
    title = "{Keeping the Universe ionized: photoheating and the clumping factor of the high-redshift intergalactic medium}",
  journal = {MNRAS},
archivePrefix = "arXiv",
   eprint = {0807.3963},
 keywords = {hydrodynamics , radiative transfer , methods: numerical , galaxies: formation , intergalactic medium , cosmology: theory},
     year = 2009,
    month = apr,
   volume = 394,
    pages = {1812-1824},
      doi = {10.1111/j.1365-2966.2009.14486.x},
   adsurl = {http://adsabs.harvard.edu/abs/2009MNRAS.394.1812P},
  adsnote = {Provided by the SAO/NASA Astrophysics Data System}
}

@ARTICLE{FinlatorEtAl2012,
   author = {{Finlator}, K. and {Oh}, S.~P. and {{\"O}zel}, F. and {Dav{\'e}}, R.
	},
    title = "{Gas clumping in self-consistent reionization models}",
  journal = {MNRAS},
 keywords = {hydrodynamics, radiative transfer, methods: numerical, intergalactic medium, cosmology: theory},
     year = 2012,
    month = dec,
   volume = 427,
    pages = {2464-2479},
      doi = {10.1111/j.1365-2966.2012.22114.x},
   adsurl = {http://adsabs.harvard.edu/abs/2012MNRAS.427.2464F},
  adsnote = {Provided by the SAO/NASA Astrophysics Data System}
}

@ARTICLE{ShullEtAl2012,
   author = {{Shull}, J.~M. and {Harness}, A. and {Trenti}, M. and {Smith}, B.~D.
	},
    title = "{Critical Star Formation Rates for Reionization: Full Reionization Occurs at Redshift z {\ap} 7}",
  journal = {ApJ},
 keywords = {dark ages, reionization, first stars, galaxies: high-redshift, intergalactic medium},
     year = 2012,
    month = mar,
   volume = 747,
      eid = {100},
    pages = {100},
      doi = {10.1088/0004-637X/747/2/100},
   adsurl = {http://adsabs.harvard.edu/abs/2012ApJ...747..100S},
  adsnote = {Provided by the SAO/NASA Astrophysics Data System}
}

@ARTICLE{HaardtMadau2012,
   author = {{Haardt}, F. and {Madau}, P.},
    title = "{Radiative Transfer in a Clumpy Universe. IV. New Synthesis Models of the Cosmic UV/X-Ray Background}",
  journal = {ApJ},
archivePrefix = "arXiv",
   eprint = {1105.2039},
 primaryClass = "astro-ph.CO",
 keywords = {cosmology: theory, diffuse radiation, intergalactic medium, galaxies: evolution, quasars: general},
     year = 2012,
    month = feb,
   volume = 746,
      eid = {125},
    pages = {125},
      doi = {10.1088/0004-637X/746/2/125},
   adsurl = {http://adsabs.harvard.edu/abs/2012ApJ...746..125H},
  adsnote = {Provided by the SAO/NASA Astrophysics Data System}
}

@ARTICLE{HuiGnedin1997,
   author = {{Hui}, L. and {Gnedin}, N.~Y.},
    title = "{Equation of state of the photoionized intergalactic medium}",
  journal = {MNRAS},
   eprint = {arXiv:astro-ph/9612232},
 keywords = {EQUATIONS OF STATE, INTERGALACTIC MEDIA, PHOTOIONIZATION, ABSORPTION SPECTRA, QUASARS},
     year = 1997,
    month = nov,
   volume = 292,
    pages = {27},
   adsurl = {http://adsabs.harvard.edu/abs/1997MNRAS.292...27H},
  adsnote = {Provided by the SAO/NASA Astrophysics Data System}
}

@ARTICLE{NormanEtAl2004,
   author = {{Norman}, M.~L. and {O'Shea}, B.~W. and {Paschos}, P.},
    title = "{Did Massive Primordial Stars Preenrich the Ly{$\alpha$} Forest?}",
  journal = {ApJL},
   eprint = {arXiv:astro-ph/0310758},
 keywords = {Cosmology: Theory, Galaxies: Formation, Galaxies: Intergalactic Medium},
     year = 2004,
    month = feb,
   volume = 601,
    pages = {L115-L118},
      doi = {10.1086/382045},
   adsurl = {http://adsabs.harvard.edu/abs/2004ApJ...601L.115N},
  adsnote = {Provided by the SAO/NASA Astrophysics Data System}
}

@ARTICLE{TurkEtAl2011,
   author = {{Turk}, M.~J. and {Smith}, B.~D. and {Oishi}, J.~S. and {Skory}, S. and
     {Skillman}, S.~W. and {Abel}, T. and {Norman}, M.~L.},
    title = "{yt: A Multi-code Analysis Toolkit for Astrophysical Simulation Data}",
  journal = {ApJS},
archivePrefix = "arXiv",
   eprint = {1011.3514},
 primaryClass = "astro-ph.IM",
 keywords = {cosmology: theory, methods: data analysis, methods: numerical },
     year = 2011,
    month = jan,
   volume = 192,
    pages = {9-+},
      doi = {10.1088/0067-0049/192/1/9},
   adsurl = {http://adsabs.harvard.edu/abs/2011ApJS..192....9T},
  adsnote = {Provided by the SAO/NASA Astrophysics Data System}
}